1497 2187
354 291 1058 48 Godt heb loff, die sijn Heylighe Kercke noot is

354 345 270 44 verlaetende.

416 402 994 45 Halberstadt hadde in sijnen Legher tusschen

345 457 1065 46 de vijf ende ses duysent Peerden, ende ontrent

351 514 1064 45 achtien oft twintich duysent Infanterie, met

357 571 599 41 achtien stucken gheschuts.

417 625 994 44 Den Graue Tilly heeft hem int marcheren

356 682 1058 43 altijt gevolcht op zijn kladden, tot in het Graeff

358 738 1056 43 schap van Zutphen. Alwaer op een groote Hey

353 793 1062 45 de tusschen Grol ende Boecholt, hij hem aenge

362 851 1048 43 tast heeft met een groote Furie ende Resolutie,

361 906 1056 43 eerst vallende op de Cavaillerie, de welcke niet

364 963 1048 41 wel connende resisteren, sijn oorsaecke gheweest,

357 1017 1051 44 dat allen de Infanterie is in desordre ghecomen,

364 1074 903 44 ende ghansch verslaeghen ende verstroyt.

416 1127 996 44 Men zeydt dat op de plaetse wel souden ghe

362 1181 1054 49 bleuen zijn thien ofte tweelff Duyzent vande In

372 1239 1051 48 fanterie, sonder eenen grooten hoop vande Ca

368 1295 1056 48 vaillerie. Den Vyandt heeft oock verloren al

368 1351 1051 46 len zijn Gheschudt, ende wel dry ofte vier hon

371 1409 1048 44 dert waeghens, met allen de Ammonitie, ende

371 1466 302 42 Bagagie, &c.

427 1519 998 45 Men zeydt oock dat den Dollen Halberstadt

360 1575 1068 46 soude ghequetst sijn: ende dat hy hem met ette

378 1631 1046 46 lijcke vande Cavaillerie soude ghesalveert heb

370 1689 1054 46 ben binnen het Stedeken Brefort, Alwaer wy

1292 1745 138 42 hopen
