2118 2653
493 303 592 120 GAZETTE

708 417 180 76 VAN

424 477 706 139 ANTWERPEN

408 590 710 92 Dynsdagh den 3. Januarius 1719 N

201 711 424 53 VAPELS, den 6. December.

387 750 347 53 E brieven uyt ons

397 786 342 62 Camp by Melazzo

377 826 365 63 seggen dat de Spag-

354 868 393 55 8 njaerts, voortvaerden

302 910 444 58 C met het Canonneren,

368 946 383 54 à ende Bombarderen van

406 987 340 57 die Fortresse , doch

64 1013 679 92 e sonder veel te voorde-

402 1057 350 64 ren. Den Generael

66 1108 677 55 Zumjungen soude hier aen onsen Vice-

66 1146 682 62 roy hebben te verstaen ghegeven dat, ver-

76 1183 678 64 mits onse Trouppen op een stecht Terrain

78 1223 673 65 ghecampeert laghen , ende niet als met groo¬

66 1275 676 40 te moeyte de Subsistentic-mid delen konden

73 1306 676 54 bekomen van het platte Landt, hy raets-

76 1346 675 49 saem oordeelde dat-men ons Campement be-

66 1392 691 47 hoorde te verplaetsen, ende te verleggen in

72 1418 676 52 de vlackte van Siracusa, doch men twyffelt

76 1470 683 41 ofte dit voorstel door den Viceroy, ende den

67 1511 679 47 hooghen Crijghs-Raet sal worden gheappro¬

81 1545 668 52 beert. Ondertusschen vermeerderden de

78 1586 671 57 Keyserlijcke Trouppen in Sicilien, ende men

73 1628 688 45 maeckte alle noodighen toestel tot het ontset

71 1664 222 49 van Melazzo.

181 1698 481 63 ROOMEN, den 19. December.

119 1742 638 41 In het secreet Consistorie van voorleden

75 1779 680 58 maendagh passeerde, buyten het preconise-

81 1812 674 54 ren, ofte voorstellen van verscheyde Bis-

79 1858 670 51 dommen, niets van remarque. Dijnsdagh

85 1907 669 38 was den Ridder van St. Joris lanck by den

79 1934 679 62 Paus , wiens Crooninghe dien dagh met de

84 1991 670 42 ghewoonelijcke Illuminatien, Vierwercken,

84 2016 679 50 ende salvos uyt het Canon wirt gheviert.

78 2053 676 62 Monsignor Albani is door sijne Heyligheyt

89 2099 678 47 benoempt tot Secretaris van de Memorialen,

94 2137 666 45 het welck doet gissen dat hy eerstdaeghs met

84 2173 679 64 eenen Cardinaels-hoet sal worden begiftight.

173 2212 497 59 LIVORNO, den 19. December.

120 2253 637 60 Alle de advisen, die wy hier uyt Sicilien

842 671 699 72 becomen, sijn ten opsichte van Melazzo,

859 731 687 62 tot noch toe seer voordeeligh voor de Duyt-

858 770 686 59 schen. De Engelsche Cruyssers laeten geene

849 808 694 65 Schepen, van wat natie die oock moghen

862 852 678 58 wesen, naer Sicilien door passeren, sonder

858 894 682 58 de selve te visiteren, ende daer uyt te nemen

860 927 677 55 alle Oorloghs-munitien, Levens-middelen,

861 976 179 60 ende Geldt.

967 984 471 88 GENUA, den 12. December.

903 1043 636 63 De 60ooo. Pistolen , die den Keyser van

851 1092 691 63 onse Republique door den Grave Stampa ge-

865 1127 675 66 vraeght heeft voor Contributie-gelden, sijn

864 1165 682 54 op 36000. ghemodereert, doch moeten eerst-

864 1208 683 67 daeghs betaelt worden. Men hoort hier

858 1246 599 65 vreemde raisonnementen van Melazzo.

948 1295 504 56 MILANEN, den 14. December.

910 1314 636 79 Volghens de leste brieven, die wy hier

864 1362 683 66 hebben becomen van Reggio van den 2. de¬

852 1403 698 66 ser, verwacht-men daghelijckx tijdinghe dat

858 1451 695 55 de Trouppen van den Keyser het secours sul-

858 1482 697 69 len hebben ghetenteert van Melazzo. Van

858 1517 697 67 Turin heeft-men dat de hope aen dat Hoff

873 1577 682 48 vermeerderde dat het houwelijck van den

864 1600 685 72 Prins van Piemont met eene Keyserlijcke

862 1640 696 75 Princesse noch eyndelijck soude gheluc-

865 1699 88 49 ken.

936 1716 532 65 VENETIEN, den 17. December.

906 1768 659 57 Sen Generael Schuylemborgh, die voor

864 1802 691 65 dry andere Jaeren in den dienst van dese Re-

873 1855 686 53 publique is gheconfirmeert, sal binnen wey-

871 1888 690 57 nighe weken naer Corsu te rugh keeren, om

864 1922 693 63 de oude Fortresse van die stadt, die door

868 1960 684 66 het springhen van het Poeder-magazyn

873 2010 682 57 gansch overhoop light, te doen herstellen,

865 2041 688 65 tot welcken eynde hier verscheyde Schepen

865 2085 688 52 worden gheladen met de Materialen, tot

876 2126 680 50 dien apbouw noodigh, de welcke ten eer-

865 2165 684 52 sten de reys sullen voortsetten naer de Levan-

880 2204 681 54 te. Den Eerw: Pater Coronelli Minderbroe-

879 2246 685 74 der, ende Cosmographus van dese Repu
