1607 1311
1298 133 81 46 3

788 176 224 71 Gheboden
957 176 150 71 ende
1050 176 318 71 uyt-gheroepen
1293 176 75 71 by

816 225 113 54 mijne
892 225 126 54 Heeren
980 225 88 54 den
1030 225 176 54 Schouteth,
1156 225 213 54 Borgher-meeste-

814 261 96 50 ren
869 261 68 50 ,
896 261 177 50 Schepenen
1033 261 109 50 ende
1101 261 123 50 Raedt
1183 261 96 50 der
1238 261 123 50 Stadt
1306 261 68 50 van

819 290 220 62 Antwerpen,
992 290 94 62 op
1039 290 110 62 den
1102 290 94 62 9.
1149 290 188 62 Augusti.
1275 290 94 62 1701

934 361 98 65 Lsoo
995 361 86 65 het
1044 361 86 65 ten
1093 361 171 65 uyttersten
1215 361 159 65 convenieert

859 393 72 44 a

773 394 66 56 3

933 413 106 44 goede
1004 413 141 44 toesicht
1109 413 70 44 te
1144 413 106 44 nemen
1215 413 70 44 op
1250 413 82 44 het
1285 413 94 44 onder-

944 444 105 38 wijsen
1018 444 74 38 der
1060 444 147 38 Jonckheyt,
1176 444 74 38 ten
1218 444 95 38 eynde
1281 444 63 38 de
1302 444 74 38 selve

943 471 106 44 worde
1014 471 213 44 gheinstrueert,
1191 471 83 44 soo
1238 471 94 44 inde
1286 471 94 44 vreese

935 500 118 38 Godts,
1018 500 82 38 als
1065 500 106 38 goede
1135 500 141 38 manieren
1241 500 59 38 ,
1264 500 94 38 waer
1311 500 59 38 toe

787 531 88 30 dat
838 531 138 30 noodich
938 531 101 30 zijn
1001 531 113 30 goede
1076 531 101 30 ende
1139 531 151 30 bequaeme
1240 531 138 30 Meesters,

794 561 92 37 ende
851 561 184 37 Meesterssen,
1000 561 80 37 dat
1046 561 92 37 oock
1103 561 69 37 de
1138 561 115 37 Dekens
1218 561 80 37 van
1264 561 103 37 Sinte
1322 561 57 37 Am-

801 571 127 53 brosius,
897 571 85 53 ende
950 571 138 53 Cassianus
1055 571 169 53 Gilde,diemen
1193 571 95 53 noemt
1257 571 64 53 de
1278 571 95 53 School¬-

792 611 157 39 meesters,
912 611 72 39 te
949 611 120 39 kennen
1033 611 132 39 gegeven
1129 611 120 39 hebben
1213 611 84 39 met
1262 611 108 39 hunne
1322 611 60 39 Re-

801 637 125 32 queste,
892 637 80 32 dat
937 637 68 32 de
971 637 159 32 voorgaende
1096 637 182 32 Ordonnantien
1244 637 114 32 nieten
1312 637 68 32 wor-

797 664 80 35 den
842 664 274 35 geobserveert,gelijck
1082 664 80 35 het
1128 664 80 35 wel
1173 664 148 35 behoorde,
1288 664 80 35 SOO
1322 664 57 35 IST

797 691 87 31 dat
846 691 112 31 mijne
921 691 200 31 voorschreven
1084 691 125 31 Heeren
1171 691 125 31 hebben
1246 691 137 31 gheordon-

802 716 109 45 neert,
879 716 87 45 ende
933 716 186 45 ghestatueert,
1086 716 131 45 ghelijck
1184 716 66 45 sy
1217 716 87 45 doen
1272 716 66 45 by
1294 716 87 45 desen.

804 750 72 61 In
840 750 84 61 den
888 750 132 61 eersten
984 750 84 61 dat
1032 750 132 61 niemant
1128 750 84 61 wie
1176 750 84 61 het
1224 750 108 61 soude
1284 750 96 61 moghen

794 797 104 36 wesen
864 797 104 36 Mans,
933 797 92 36 ofte
991 797 104 36 Vrouw
1060 797 150 36 Persoonen
1176 797 81 36 soo
1211 797 173 36 Gheestelijck,

794 830 81 37 als
841 830 185 37 Wereltlijck,
991 830 81 37 hun
1038 830 69 37 en
1072 830 116 37 sullen
1153 830 185 37 vervoorderen
1292 830 93 37 binnen

802 855 91 41 dese
859 855 114 41 Stadt,
939 855 80 41 oft
984 855 126 41 Vryheyt
1076 855 80 41 der
1121 855 126 41 selver;
1213 855 126 41 eenighe
1293 855 91 41 Schole

801 884 71 38 te
837 884 118 38 houden
919 884 59 38 ,
942 884 153 38 Jonckheyt
1060 884 71 38 te
1095 884 118 38 leeren
1177 884 59 38 ,
1201 884 106 38 Lesen
1271 884 59 38 ,
1283 884 94 38 Schry-

810 910 74 37 ven
853 910 53 37 ,
874 910 127 37 Cijferen
969 910 53 37 ,
990 910 95 37 Frans
1053 910 74 37 oft
1096 910 116 37 eenighe
1180 910 106 37 andere
1254 910 106 37 taelen
1318 910 63 37 in't

800 934 169 44 heymelijck
933 934 97 44 ofte
994 934 157 44 openbaer,
1115 934 109 44 inden
1187 934 97 44 kost
1248 934 85 44 oft
1284 934 97 44 ander-

810 964 100 41 sints
877 964 78 41 ten
921 964 67 41 sy
955 964 67 41 de
988 964 100 41 selve
1055 964 145 41 Persoonen
1166 964 100 41 eerst
1233 964 89 41 zijn
1278 964 111 41 Poorters

808 992 102 41 deser
876 992 113 41 Stadt,
955 992 90 41 ende
1011 992 79 41 hun
1056 992 147 41 alvoorens
1169 992 113 41 sullen
1248 992 113 41 hebben
1316 992 68 41 ghe-

804 1016 174 45 presenteert
943 1016 104 45 aende
1013 1016 116 45 Heeren
1094 1016 162 45 Scholaster
1221 1016 93 45 ende
1267 1016 116 45 Superin-

804 1041 160 45 tendenten,
930 1041 92 45 ofte
987 1041 206 45 Commissarissen
1159 1041 103 45 vande
1228 1041 138 45 Scholen,
1319 1041 69 45 ende

1301 1075 93 34 aen-

1037 1072 118 35 A
1061 1072 71 35 2
