1652 1356
241 179 101 39 aende
308 179 101 39 selve
376 179 113 39 sullen
455 179 113 39 hebben
534 179 90 39 doen
590 179 135 39 blijeken
692 179 68 39 by
714 179 113 39 Attesta-

248 213 74 43 tie
291 213 106 43 vanden
365 213 96 43 Heere
429 213 127 43 Pastoor,
524 213 106 43 alwaer
599 213 64 43 sy
630 213 74 43 het
673 213 117 43 laetste
747 213 85 43 hebben

248 242 147 37 ghewoont,
361 242 170 37 mitsgaeders
497 242 79 37 van
543 242 113 37 hunnen
622 242 193 37 Biecht-vader,
769 242 57 37 dat

238 273 73 40 sy
274 273 97 40 zijn
335 273 110 40 vande
408 273 146 40 Roomsche
518 273 183 40 Catholiecke
664 273 146 40 Religie,
761 273 61 40 van

250 298 183 50 deuchdelijck
398 298 114 50 leven,
479 298 92 50 ende
536 298 92 50 goet
593 298 195 50 comportement,
753 298 69 50 op
776 298 46 50 de

244 322 91 40 pene
301 322 80 40 van
346 322 216 40 vyf-en-twintich
517 322 114 40 guldens.

507 354 60 31 I.

265 369 103 53 Ende
329 369 103 53 naer
394 369 180 53 voorgaende
535 369 180 53 examinatie
676 369 141 53 bequaem
766 369 64 53 be-

248 400 115 47 vonden
328 400 126 47 zijnde,
420 400 115 47 sullen
500 400 69 47 de
535 400 184 47 voorschreven
684 400 115 47 Heeren
753 400 80 47 Scho¬-

247 435 129 36 laster,
341 435 94 36 ende
399 435 210 36 Commissarissen
575 435 82 36 hun
622 435 117 36 gratis
703 435 117 36 gheven
774 435 58 36 een

243 462 113 38 billet
322 462 68 38 by
356 462 68 38 de
390 462 181 38 voorschreven
537 462 113 38 Heeren
616 462 204 38 onderteeckent,
774 462 57 38 in-

239 484 138 38 houdende
343 484 81 38 het
389 484 104 38 ghene
459 484 58 38 ,
482 484 92 38 waer
540 484 81 38 toe
586 484 69 38 sy
620 484 69 38 om
655 484 69 38 te
690 484 115 38 leeren
759 484 69 38 zijn

250 515 194 39 gheadmitteert,
412 515 97 39 welck
477 515 108 39 billet
552 515 65 39 sy
585 515 108 39 sullen
660 515 140 39 ghehouden
757 515 65 39 zijn

238 546 86 27 aen
287 546 74 27 de
324 546 123 27 Dekens
409 546 110 27 vande
483 546 196 27 voorschreven
642 546 110 27 Gilde
716 546 74 27 te
740 546 86 27 thoo-

247 574 79 35 nen
292 574 57 35 ,
315 574 79 35 met
360 574 158 35 declaratie
484 574 79 35 van
529 574 102 35 hunne
597 574 192 35 woon-plaetse,
755 574 68 35 om
778 574 45 35 by

247 603 83 29 den
294 603 177 29 opper-Deken
436 603 71 29 te
472 603 106 29 boeck
543 603 142 29 ghestelt
649 603 71 29 te
684 603 130 29 worden,
767 603 59 29 en-

240 627 62 31 de
271 627 156 31 verhuysende
396 627 104 31 sullen
468 627 135 31 schuldich
572 627 83 31 zijn
624 627 62 31 t’
656 627 94 31 selve
718 627 62 31 te
739 627 83 31 adver¬-

239 656 110 33 teren
312 656 123 33 aenden
398 656 123 33 selven
484 656 221 33 Opper-Deken,om
668 656 74 33 op
705 656 86 33 den
742 656 86 33 boeck

251 678 143 49 verandert
361 678 66 49 te
394 678 121 49 worden,
482 678 66 49 op
515 678 66 49 de
548 678 88 49 pene
603 678 77 49 van
647 678 77 49 ses
680 678 110 49 guldens.

473 708 92 32 III.

250 734 97 43 Ende
311 734 122 43 sullen
396 734 73 43 de
432 734 182 43 voorschreve
578 734 158 43 Meesters,
699 734 97 43 ende
748 734 73 43 Mee-

239 763 136 34 sterssen
341 763 57 34 ,
363 763 102 34 alsoo
431 763 192 34 gheadmitteert
589 763 136 34 wesende,
691 763 91 34 voor
736 763 91 34 Incom-

242 788 93 36 gelt
300 788 116 36 moeten
382 788 139 36 betaelen
486 788 58 36 ,
509 788 70 36 de
544 788 104 36 somme
613 788 81 36 van
648 788 174 36 twee-en-veer-

243 821 90 35 tich
299 821 123 35 guldens
388 821 56 35 ,
411 821 90 35 ende
467 821 90 35 twee
523 821 123 35 guldens
612 821 90 35 ende
668 821 90 35 acht
713 821 112 35 stuyvers

245 845 90 31 voor
301 845 79 31 den
346 845 113 31 Autaer
425 845 56 31 :
447 845 90 31 ende
504 845 90 31 voor
560 845 158 31 wijn-gelt,
684 845 90 31 twee
729 845 101 31 guldens

247 870 95 40 ende
306 870 95 40 acht
366 870 154 40 stuyvers,
484 870 95 40 ende
544 870 83 40 van
591 870 166 40 ghelijeken
721 870 83 40 soo
757 870 71 40 veel

246 900 97 32 voor
306 900 72 32 de
342 900 109 32 Busse
415 900 121 32 vanden
499 900 121 32 Armen,
584 900 97 32 voor
644 900 97 32 ende
704 900 109 32 aleer
765 900 60 32 hun

250 926 85 37 sal
299 926 122 37 moghen
384 926 170 37 afghenomen
518 926 122 37 worden
603 926 85 37 den
639 926 183 37 ghewoonelijc¬-

245 956 86 34 ken
294 956 110 34 Eedt,
367 956 86 34 ten
416 956 110 34 waere
489 956 73 34 de
526 956 122 34 Heeren
612 956 171 34 Scholaster
746 956 61 34 ,
759 956 73 34 ende

247 984 212 30 Commissarissen
424 984 82 30 met
471 984 118 30 advies
553 984 106 30 vande
624 984 129 30 Dekens,
718 984 71 30 om
742 984 82 30 eeni-

246 1008 81 35 ghe
293 1008 185 35 merckelijcke
443 1008 127 35 redenen
536 1008 81 35 hun
582 1008 139 35 eenighen
686 1008 104 35 tijdt
744 1008 81 35 gaven

246 1041 76 31 om
284 1041 76 31 de
322 1041 113 31 selve
398 1041 151 31 oncosten
511 1041 76 31 te
549 1041 151 31 voldoen,
650 1041 176 31 uyt-ghenomen

238 1064 85 47 die
287 1064 110 47 vande
360 1064 98 47 Arme
421 1064 134 47 Scholen
519 1064 61 47 ,
543 1064 98 47 ende
604 1064 122 47 andere
690 1064 61 47 ,
714 1064 85 47 die
751 1064 73 47 ghe-

670 1094 163 46 permitteert

871 137 162 48 permitteert
1001 137 108 48 sullen
1077 137 87 48 zijn
1131 137 97 48 vande
1196 137 97 48 selve
1261 137 108 48 Heeren
1337 137 65 48 te
1358 137 87 48 leeren

862 163 128 50 sonder
939 163 90 50 loon.

1092 186 97 37 IV.

882 205 97 58 Ende
943 205 121 58 sullen
1027 205 206 58 dzer-en-boven
1197 205 73 58 de
1234 205 182 58 voorschreve
1367 205 73 58 Mee-

867 241 113 45 sters,
946 241 91 45 ende
1003 241 170 45 Meesterssen
1138 241 158 45 jaerelijck
1263 241 91 45 noch
1319 241 113 45 moeten
1387 241 57 45 be-

858 279 117 39 taelen
940 279 93 39 voor
998 279 175 39 Jaer-kosten
1138 279 70 39 de
1174 279 105 39 Comme
1244 279 82 39 van
1279 279 163 39 eenen-gulden

859 304 91 34 ende
915 304 102 34 thien
984 304 136 34 stuyvers
1086 304 57 34 ,
1108 304 79 34 dry
1154 304 136 34 stuyvers
1256 304 91 34 voor
1313 304 79 34 den
1347 304 102 34 Autaer,

859 335 99 28 ende
920 335 86 28 ses
970 335 99 28 voor
1031 335 74 28 de
1068 335 173 28 voornoeide
1204 335 123 28 Busse,
1278 335 173 28 behoudelijck

861 362 78 28 dat
906 362 67 28 de
939 362 112 28 ghene,
1017 362 78 28 die
1062 362 89 28 voor
1118 362 89 28 date
1174 362 101 28 deser
1241 362 89 28 inde
1297 362 101 28 Gilde
1353 362 89 28 ghead-

859 389 142 36 mitteert
966 389 95 36 zijn
1025 389 154 36 gheveest,
1143 389 95 36 ende
1202 389 130 36 hoogher
1285 389 154 36 incom-ghelt

859 413 110 33 hebben
936 413 132 33 betaelt,
1035 413 110 33 sullen
1112 413 132 33 volstaen
1211 413 88 33 mits
1266 413 143 33 betalende
1365 413 77 33 eenen

865 440 112 46 gulden
943 440 89 46 voor
999 440 179 46 Jaer-kosten,
1144 440 100 46 boven
1211 440 78 46 het
1255 440 100 46 ghene
1322 440 100 46 aende
1378 440 67 46 Buf-

859 467 70 46 se
894 467 93 46 ende
952 467 116 46 Autaer
1034 467 70 46 is
1057 467 174 46 toeghevoecht.

1125 497 68 39 V.

889 506 79 55 Van
934 506 113 55 welcke
1013 506 169 55 Jaer-costen
1148 506 158 55 mitsgaders
1271 506 79 55 Bus
1316 506 68 55 en
1339 506 101 55 Autaer.

861 551 84 39 gelt
914 551 126 39 niemandt
1009 551 74 39 vry
1051 551 84 39 ofte
1103 551 105 39 exempt
1177 551 63 39 en
1209 551 74 39 sal
1251 551 105 39 wesen,
1324 551 74 39 als
1356 551 84 39 alleen

859 574 70 35 de
894 574 93 35 twee
952 574 139 35 dienende
1057 574 116 35 Dekens
1138 574 58 35 ,
1161 574 93 35 ende
1219 574 163 35 inghevalle
1335 574 105 35 eenighe

859 608 135 37 Meesters
960 608 90 37 ofte
1016 608 180 37 Meesterssen,
1162 608 79 37 hun
1207 608 169 37 In-comghelt
1342 608 90 37 ende
1387 608 56 37 an-

864 635 84 31 dere
916 635 105 31 lasten
989 635 84 31 hier
1041 635 105 31 vooren
1114 635 188 31 gespecificeert
1271 635 73 31 int
1313 635 115 31 gheheel
1386 635 63 31 ofte

858 661 81 37 ten
905 661 104 37 deele
974 661 58 37 ,
997 661 92 37 noch
1054 661 115 37 souden
1135 661 115 37 moghen
1216 661 150 37 schuldigh
1331 661 104 37 zijn,
1388 661 58 37 soo

867 684 114 40 sullen
946 684 68 40 de
980 684 102 40 selve
1049 684 137 40 t'hunnen
1151 684 114 40 lasten
1231 684 68 40 by
1265 684 114 40 parate
1333 684 114 40 executie

867 715 112 39 worden
945 715 135 39 verhaelt
1047 715 56 39 ,
1069 715 79 39 soo
1114 715 67 39 te
1148 715 124 39 vooren,
1238 715 79 39 als
1283 715 90 39 naer
1339 715 90 39 date
1384 715 56 39 der

867 744 151 35 Ordonantie
986 744 75 35 van
1029 744 75 35 17.
1072 744 86 35 Maij
1126 744 97 35 1696.
1190 744 86 35 ende
1244 744 86 35 dese
1298 744 108 35 teghen
1363 744 75 35 woor-

860 768 109 45 dighe.
936 768 87 45 Ende
991 768 153 45 inghevalle
1111 768 65 45 in
1144 768 98 45 thien
1209 768 109 45 Jaeren
1285 768 65 45 de
1307 768 142 45 laer-costen

855 797 91 45 niet
912 797 68 45 en
946 797 114 45 waeren
1025 797 137 45 betaelt,
1128 797 80 45 soo
1174 797 114 45 sullen
1253 797 68 45 de
1288 797 137 45 Meesteis
1379 797 68 45 ofte

862 824 173 40 Meesterssen
1001 824 58 40 ,
1024 824 81 40 die
1070 824 69 40 in
1105 824 150 40 ghebreken
1220 824 115 40 suilen
1301 824 115 40 hebben
1370 824 69 40 ghe-

859 853 119 42 bleven
942 853 60 42 ,
966 853 215 42 ghesuspendeert
1145 853 119 42 worden
1229 853 83 42 van
1276 853 83 42 hun
1324 853 107 42 Ampt,
1383 853 60 42 en-

861 878 78 48 de
900 878 118 48 gheen
979 878 131 48 Schole
1070 878 131 48 moghen
1162 878 131 48 houden
1253 878 91 48 tot
1305 878 91 48 dat
1358 878 78 48 sy
1384 878 65 48 hun

862 903 110 50 costen
939 903 110 50 hebben
1004 903 110 50 betaelt.

1097 918 90 47 VI.

882 943 81 53 Van
929 943 93 53 alle
987 943 116 53 welcke
1067 943 139 53 onkosten
1172 943 93 53 alle
1229 943 127 53 Jaereni
1322 943 81 53 sal
1357 943 93 53 moeten

864 986 170 38 gheschieden
1000 986 68 38 de
1033 986 192 38 behoorelijcke
1192 986 147 38 rekeninge
1305 986 68 38 op
1339 986 79 38 den
1373 986 68 38 dach

857 1023 79 39 van
902 1023 102 39 sinte
970 1023 159 39 Cassianus,
1095 1023 91 39 ofte
1151 1023 68 39 op
1185 1023 147 39 alsulcken
1299 1023 136 39 anderen,
1389 1023 57 39 als

1130 1046 93 41 A
1149 1046 56 41 3

1364 1045 90 42 de
