3795 5530
1219 0 44 36 ■

1405 27 127 26 ■■■■

2705 83 38 64 9
2773 93 120 70 JAN.
2927 101 108 66 1981

231 251 45 25 37'
292 249 188 26 JAARGANG
500 249 54 25 NR.
573 249 16 25 2

904 264 1152 512 valks

0 258 13 7 -
43 250 50 37 12

227 720 16 27 9
261 719 165 28 JANUARI
449 719 74 27 1981

0 947 47 28 Idel

4 1036 14 22 n

2752 1047 7 22 i

2547 2649 36 48 1

0 3049 41 26 en,

2285 3380 59 26 Een
2365 3387 107 27 wagen
2492 3387 57 20 van
2568 3387 58 21 een
2648 3382 129 34 bepaald
2797 3384 70 33 type

0 3653 32 21 m

0 4536 10 28 i

0 5048 32 21 □r

5 5140 41 29 1st

2905 5171 84 27 deed
2999 5171 40 27 de
3051 5173 73 25 rest.

3272 5222 52 29 Zie
3334 5224 115 35 pagina
3459 5226 27 29 5.

1131 859 287 39 WEEKBLAD
1443 860 104 38 VAN
1576 860 65 39 DE
1666 860 365 40 CHRISTELIJKE
2058 862 575 42 ARBEIDERSBEWEGING

329 1525 3 3 ■

231 323 203 25 Administratie
451 330 36 19 en

232 358 176 32 verzending;
428 359 53 25 N.V
508 359 98 27 Drukk.
627 360 50 26 Het
694 361 76 29 Volk,

233 395 162 25 Forelstraat
413 394 41 30 22,
473 395 72 26 9000
562 395 74 27 Gent

233 431 85 26 Losse
336 436 144 21 nummers

231 466 111 26 worden
361 466 56 25 niet
433 467 135 25 verkocht

232 502 131 26 Redactie
380 508 52 19 van
450 502 37 25 de
506 503 142 27 nationale

232 538 154 32 bladzijden
404 544 36 19 en
459 538 225 35 briefwisseling:

230 574 144 25 Wetstraat
393 573 59 30 121,
472 574 70 26 1040
561 575 114 27 Brussel

230 610 132 25 Telefoon
379 609 200 28 02/735.60.50.

2279 3471 39 4 —
2346 3457 86 28 7.000
2464 3457 32 28 fr.
2530 3458 132 28 duurder
2695 3459 108 28 kosten
2838 3461 27 27 in

2283 3495 101 34 België
2407 3496 60 27 dan
2493 3496 26 28 in
2545 3496 193 35 Frankrijk...”
2765 3498 102 32 „Maar

0 4092 19 28 J

0 4130 29 29 ik

1 3887 25 29 it

0 3928 15 29 J

0 4706 17 21 n

0 4747 10 20 i

0 4788 26 19 w

0 4819 7 29 l

0 4870 21 20 N

2683 2992 6 5 •
2715 2990 19 20 O

2710 3017 11 16 «

1609 1243 86 112 (>.

2349 1536 38 38 1)

2922 1055 134 28 jammer,
3086 1056 82 21 maar
3194 1050 50 27 het
3270 1052 81 25 moet
3378 1057 37 21 nu
3442 1057 58 21 een­

2924 1087 106 27 maal...
3093 1087 77 28 Over
3229 1088 282 34 sluitingspremies,

2922 1131 185 28 vooropzeg,
3124 1126 159 34 opheffing
3297 1133 57 21 van
3370 1127 131 27 bescher­

2924 1163 80 34 ming
3034 1164 54 26 der
3113 1164 191 28 verkozenen
3332 1171 38 21 en
3398 1165 114 28 andere

2922 1203 110 25 wetten
3055 1202 49 27 die
3126 1202 111 27 dienen
3261 1203 171 33 nageleefd,
3454 1203 57 35 zijn

2922 1245 33 21 er
2976 1246 79 27 geen
3078 1240 187 34 problemen.
3287 1240 121 29 Citroen
3431 1241 82 29 komt

2922 1278 26 27 al
2974 1278 57 34 zijn
3057 1278 240 35 verplichtingen
3324 1285 46 26 na,
3397 1280 116 27 zonder

2921 1317 91 33 enige
3036 1317 101 34 vitterij
3162 1317 31 27 of
3214 1318 152 34 gepingel.
3392 1318 41 27 De
3454 1321 58 25 wet

2921 1355 95 27 wordt
3035 1355 131 34 gevolgd
3187 1362 73 21 naar
3277 1357 39 26 de
3336 1356 91 28 letter.

2924 1393 60 27 Een
3008 1393 105 34 bedrijf
3134 1400 57 20 van
3213 1394 82 27 méér
3314 1394 59 28 dan
3394 1394 37 28 50
3449 1395 64 34 jaar

2921 1431 62 27 oud
2999 1431 163 35 verdwijnt;
3178 1432 173 34 generaties
3365 1434 145 33 ervaring,

2921 1470 179 27 stielkennis
3119 1476 38 20 en
3177 1470 246 33 beroepsinzicht
3441 1474 70 31 gaat

2923 1507 107 28 ineens
3064 1508 145 27 verloren.
3244 1508 47 34 Op
3324 1509 39 27 de
3398 1510 112 34 ketting

2921 1547 88 26 staan
3029 1552 61 28 nog
3107 1546 57 27 400
3181 1552 127 28 wagens
3324 1548 30 26 te
3370 1547 140 28 wachten

2921 1590 41 28 op
2984 1584 175 34 voltooiing.
3182 1584 37 28 40
3243 1591 68 21 man
3332 1585 121 28 zouden
3475 1592 36 21 ze

2922 1622 91 34 begin
3038 1622 76 27 deze
3136 1623 86 27 week
3244 1623 160 32 afwerken,
3430 1630 82 22 maar

2920 1661 74 26 daar
3010 1660 109 27 wilden
3137 1661 39 27 de
3194 1661 124 27 bonden
3336 1668 58 21 een
3412 1663 98 34 stokje

2920 1700 193 26 voorsteken.
3139 1699 39 27 Ze
3201 1699 132 34 planden
3358 1702 151 33 maandag

2919 1737 27 35 jl.
2962 1743 59 21 een
3038 1737 151 35 blokkage
3201 1744 57 22 van
3272 1738 38 28 de
3325 1738 90 28 band.
3431 1739 79 28 Deze

2920 1776 79 27 actie
3017 1776 58 27 had
3093 1776 106 27 echter
3212 1783 79 27 geen
3306 1777 56 30 zin,
3378 1779 78 26 want
3471 1779 39 26 de

2920 1814 124 28 directie
3064 1814 49 28 die
3134 1815 61 27 lont
3214 1816 135 33 geroken
3370 1816 59 27 had
3448 1823 51 21 ver­

2919 1852 133 34 wittigde
3077 1854 39 25 de
3141 1852 37 28 40
3203 1859 68 22 man
3295 1853 51 28 dat
3368 1860 36 21 ze
3428 1860 83 22 maar

2921 1891 84 27 beter
3030 1892 59 26 niet
3114 1891 122 28 konden
3259 1892 164 34 opkomen.
3448 1892 61 32 „De

2920 1928 97 28 bazen
3037 1929 96 27 willen
3152 1929 67 28 zich
3239 1930 143 35 duidelijk
3401 1930 60 28 niet
3482 1930 27 29 in

2921 1968 108 26 nesten
3048 1967 137 32 steken”,
3202 1969 70 32 zegt
3290 1968 107 34 Roger,
3416 1975 57 25 „en
3491 1969 19 28 't

2921 2005 56 27 kan
3010 2005 58 27 hen
3099 2006 175 34 nauwelijks
3302 2006 127 28 schelen
3458 2007 52 28 dat

2919 2043 74 27 daar
3012 2049 60 28 nog
3091 2043 58 27 400
3166 2050 127 28 wagens
3311 2044 138 28 staan...”

2921 2081 41 27 De
2984 2081 121 34 sluiting
3126 2088 57 21 van
3204 2081 122 29 Citroen
3346 2083 81 27 werd
3447 2083 63 28 ook

2919 2119 238 35 aangekondigd
3180 2126 58 21 aan
3259 2121 39 27 de
3318 2127 132 29 garages
3469 2128 39 21 en

2918 2158 153 27 verdelers
3084 2164 81 21 waar
3176 2158 40 28 de
3227 2158 168 29 distributie
3406 2166 39 21 en
3459 2160 50 28 het

2918 2196 183 28 onderhoud
3135 2203 58 21 van
3226 2198 40 26 de
3298 2204 127 28 wagens
3457 2204 39 29 ge­

2920 2234 93 28 beurt.
3038 2235 52 27 Via
3111 2235 40 27 de
3172 2236 216 28 commerciële
3410 2237 85 27 activi­

2917 2273 93 26 teiten
3042 2273 72 34 blijft
3143 2272 121 29 Citroën
3293 2275 55 26 wel
3378 2275 131 35 degelijk

2917 2311 107 27 verder
3037 2312 155 34 aanwezig
3207 2312 27 27 in
3249 2312 111 35 België,
3373 2313 91 28 zodat
3476 2320 33 21 er

2917 2355 75 22 voor
3024 2349 39 28 de
3095 2349 58 28 550
3187 2356 69 22 man
3288 2350 49 28 die
3371 2350 27 28 in
3431 2351 77 28 deze

2917 2390 144 25 sectoren
3075 2388 130 31 werken,
3219 2394 80 28 geen
3312 2395 111 28 gevaar
3434 2395 75 22 voor

2917 2425 122 34 ontslag
3061 2425 128 31 bestaat,
3207 2432 39 22 zo
3264 2427 96 27 wordt
3378 2428 128 34 gezegd.

2917 2463 62 28 Van
3009 2464 39 27 de
3075 2464 153 28 verdelers
3255 2471 39 21 en
3322 2471 132 29 garages
3483 2466 25 28 is

2917 2508 80 28 geen
3030 2502 111 28 reactie
3171 2502 165 35 uitgegaan
3367 2510 73 21 naar
3468 2504 39 28 de

2916 2540 198 28 slachtoffers
3130 2547 58 21 van
3206 2541 96 28 Vorst.

2916 2578 62 28 Wie
2998 2578 165 35 kortelings
3179 2579 55 28 wel
3255 2579 27 28 in
3302 2580 49 27 het
3369 2581 137 35 gedrang

2918 2617 122 27 kunnen
3056 2618 110 27 komen
3179 2618 57 35 zijn
3250 2619 40 27 de
3304 2619 97 28 kleine
3414 2621 80 27 toele­

2915 2656 278 34 veringsbedrijven
3217 2657 50 27 die
3288 2663 76 22 voor
3384 2656 122 30 Citroën

2915 2696 130 30 werken,
3063 2695 87 29 zoals
3167 2696 45 28 bv.
3230 2697 153 34 diegenen
3401 2697 49 28 die
3467 2698 39 27 de

2915 2733 96 28 zetels
3031 2733 117 28 maken.

1648 3375 61 27 ook
1734 3376 36 31 in,
1796 3376 99 28 indien
1920 3378 100 33 nodig.
2047 3378 82 27 Maar
2150 3386 83 21 wees

1647 3416 112 31 gerust,
1777 3413 120 28 Citroën
1911 3414 87 28 Vorst
2013 3416 79 34 blijft,
2108 3416 26 28 al
2152 3423 68 21 moe­

1647 3454 50 24 ten
1713 3459 44 20 we
1772 3459 33 20 er
1820 3453 285 35 „soutiens-gorge”
2123 3455 96 33 produ­

1647 3489 119 28 ceren”.

1648 3528 81 27 Maar
1744 3528 48 27 het
1806 3529 104 34 bedrijf
1922 3530 71 33 ging
2007 3531 175 27 slabakken.
2198 3531 35 27 Er
2280 3532 120 29 Citroën
2419 3535 44 27 zei
2481 3541 59 22 ons
2558 3536 59 27 niet
2636 3536 125 28 hoeveel
2778 3538 88 27 winst

1647 3565 7 12 ■
2222 3570 9 7 '
2279 3579 36 20 ze
2345 3573 120 27 hebben
2495 3580 41 27 op
2564 3574 49 27 dje
2641 3575 137 34 yvaggn”.
2807 3583 36 20 va
2847 3576 4 27 |
2854 3578 11 26 t

2278 3612 122 27 Jerome
2422 3611 147 36 Dejaeger
2588 3614 36 30 in,
2646 3621 56 24 „en
2723 3615 62 27 ook
2805 3616 60 26 niet

2280 3651 59 27 hoe
2354 3651 39 26 de
2405 3652 114 26 andere
2532 3651 154 27 fabrieken
2699 3652 57 35 zijn
2771 3654 81 33 uitge­

2281 3690 60 25 rust
2366 3694 41 27 op
2431 3689 66 27 vlak
2521 3695 56 22 van
2603 3691 259 35 automatisering.

378 0 252 45 MBHBI

1003 4060 270 40 Bustehouders

999 4128 81 27 Toch
1104 4129 105 27 wisten
1232 4130 39 27 de
1293 4130 292 30 Citroën-arbeiders

1000 4167 50 26 dat
1067 4167 49 27 het
1132 4168 38 27 de
1187 4168 106 28 laatste
1306 4168 50 35 tijd
1373 4170 59 27 niet
1447 4170 136 28 allemaal

1001 4205 77 27 koek
1096 4211 38 21 en
1155 4205 25 27 ei
1199 4212 63 21 was
1282 4206 27 27 in
1328 4207 38 27 de
1385 4209 185 27 automobiel­

999 4245 109 30 sector,
1131 4244 60 27 ook
1213 4245 60 27 niet
1294 4245 26 27 in
1342 4245 60 28 hun
1422 4246 90 34 eigen
1534 4247 37 27 be­

999 4281 71 34 drijf.
1102 4281 40 28 De
1168 4282 330 35 CCMB-vrijgestelden
1528 4285 42 28 Ro­

999 4326 53 27 ger
1074 4320 41 27 De
1139 4320 72 32 Beir,
1231 4321 123 28 Jerome
1376 4322 147 35 Dejaeger
1543 4330 38 21 en

998 4357 137 28 Clement
1167 4358 131 29 Fransoo
1327 4366 119 28 zeggen
1476 4362 94 27 daaro­

997 4402 59 20 ver:
1085 4396 83 31 „Vier
1192 4398 61 33 jaar
1278 4398 139 33 geleden,
1444 4401 72 25 toen
1543 4400 38 27 de

997 4434 86 27 crisis
1103 4434 66 28 zich
1192 4434 47 28 liet
1258 4435 116 32 voelen,
1396 4438 119 26 stelden
1535 4439 45 34 wij

997 4472 38 27 de
1084 4473 89 34 eigen
1221 4475 283 34 auto-assemblage
1553 4476 27 28 in

996 4517 98 28 vraag.
1126 4511 60 27 Kan
1215 4518 57 20 een
1300 4512 62 27 oud
1392 4514 105 34 bedrijf
1523 4521 56 21 van

999 4549 81 32 1926,
1097 4550 85 27 zoals
1196 4549 121 29 Citroën
1333 4551 94 32 Vorst,
1443 4552 66 28 zich
1525 4554 54 27 wel

997 4588 179 28 handhaven
1194 4589 26 27 in
1236 4589 76 27 deze
1325 4589 72 35 tijd?
1413 4590 121 29 Moeten
1548 4599 33 20 er

996 4632 78 28 geen
1096 4628 237 33 aanpassingen,
1354 4628 213 36 verbouwings­

995 4666 117 26 werken
1135 4667 155 32 gebeuren
1311 4673 50 21 om
1381 4667 38 27 de
1439 4669 127 27 verschil­

997 4703 87 27 lende
1103 4704 214 34 verdiepingen
1336 4707 58 25 wat
1412 4708 29 25 te
1462 4707 105 27 nivelle­

996 4748 58 23 ren,
1077 4744 78 25 want
1174 4743 73 27 daar
1265 4744 94 26 wordt
1378 4744 50 34 tijd
1449 4751 38 20 en
1508 4746 69 33 geld

993 4780 179 33 verspeeld?
1192 4780 40 28 En
1248 4781 44 27 zal
1310 4787 58 22 ons
1386 4782 106 35 bedrijf
1507 4790 59 21 eco­

994 4818 138 27 nomisch
1155 4820 141 26 rendabel
1316 4819 106 35 blijven
1442 4823 59 25 met
1518 4828 59 21 een

994 4855 95 28 kleine
1115 4857 83 27 1.000
1221 4857 290 29 arbeidskrachten?
1535 4860 42 27 De

992 4895 122 27 directie
1138 4895 109 28 wuifde
1269 4897 26 26 al
1319 4897 76 27 deze
1419 4897 157 29 bezwaren

991 4939 65 28 weg
1072 4935 59 25 met
1143 4934 39 26 de
1196 4934 176 27 lakonische
1385 4936 189 35 opmerking:

992 4971 99 32 „Door
1105 4972 49 27 het
1166 4972 51 27 feit
1229 4973 51 27 dat
1292 4979 45 21 we
1351 4974 75 27 klein
1439 4974 65 35 zijn,
1518 4975 57 34 zijn

990 5016 44 21 we
1057 5011 60 26 ook
1138 5010 128 28 flexibel.
1289 5012 50 27 We
1363 5012 121 28 kunnen
1508 5014 66 27 heel

990 5049 80 33 goed
1097 5055 37 20 en
1160 5049 67 34 vlug
1253 5050 239 28 overschakelen
1518 5058 56 21 van

991 5086 48 27 het
1066 5093 57 21 ene
1151 5087 98 28 model
1277 5094 73 22 naar
1375 5089 49 27 het
1450 5091 122 27 andere.

991 5125 156 35 Mogelijks
1162 5132 110 22 voeren
1289 5134 45 20 we
1350 5133 58 22 een
1426 5128 136 28 herstruc­

987 5164 131 34 turering
1141 5164 77 28 door
1238 5171 41 28 op
1302 5166 198 28 mechanisch
1523 5173 38 28 ge­

989 5202 79 27 bied:
1085 5202 43 27 bv.
1144 5205 136 25 motoren
1295 5204 116 27 maken.
1427 5204 53 28 Dat
1492 5205 38 27 zit
1542 5212 32 21 er

373 1162 9 10 ■■
403 1154 2 2 '
449 1168 3 3 •

1703 2045 258 86 "W
2023 2043 64 88 /
2141 2031 25 100 I

1010 3215 61 26 Met
1084 3221 61 20 een
1158 3216 82 33 bang
1254 3216 65 27 hart
1331 3223 40 20 en
1384 3223 61 21 een
1458 3217 135 35 stijgend

1008 3254 112 33 gevoel
1149 3261 60 20 van
1238 3255 270 28 machteloosheid
1536 3256 57 33 zijn

1007 3293 41 26 de
1078 3292 55 27 905
1162 3293 191 33 afgedankte
1382 3294 210 28 werknemers

1007 3337 60 20 van
1083 3330 121 28 Citroën
1220 3331 89 27 Vorst
1325 3332 51 26 het
1392 3333 120 27 nieuwe
1527 3334 66 32 jaar

1008 3368 130 34 ingezet.
1166 3369 55 27 Het
1245 3370 95 27 wordt
1364 3377 76 20 voor
1465 3371 60 27 hen
1553 3378 38 21 nu

1007 3407 61 26 ook
1101 3407 176 27 aansluiten
1311 3408 37 33 bij
1381 3409 40 26 de
1454 3409 139 27 alsmaar

1007 3445 107 33 langer
1137 3446 168 27 wordende
1330 3446 29 34 rij
1383 3453 60 21 van
1467 3448 112 27 werklo­

1005 3489 68 25 zen,
1093 3486 81 24 want
1193 3484 60 26 hun
1273 3485 319 34 assemblagebedrijf

1006 3524 74 31 gaat
1112 3522 90 27 dicht.
1235 3522 142 33 Gedaan,
1409 3523 181 34 afgelopen,

1005 3560 122 33 zegden
1147 3561 40 26 de
1207 3561 100 26 bazen
1327 3563 51 25 net
1396 3568 75 21 voor
1490 3562 88 27 Kerst­

1004 3599 72 32 dag,
1108 3605 39 20 en
1179 3599 40 27 uit
1249 3600 41 26 de
1322 3599 118 28 brutale
1473 3602 118 26 manier

1004 3643 125 27 waarop
1141 3643 37 21 ze
1190 3637 40 27 de
1243 3637 71 27 hele
1326 3638 122 34 sluiting
1463 3639 126 28 hebben

1004 3676 183 26 voorbereid
1217 3682 40 21 en
1287 3678 210 32 meegedeeld
1526 3685 62 20 aan

1003 3714 41 26 de
1076 3714 160 27 onthutste
1266 3715 211 28 werknemers
1509 3716 80 34 blijkt

1003 3752 143 33 duidelijk
1173 3753 53 27 dat
1255 3753 51 27 het
1334 3754 108 33 bedrijf
1469 3755 27 26 al
1526 3761 61 21 een

1004 3791 70 26 hele
1089 3790 50 34 tijd
1153 3792 52 26 ten
1218 3792 84 26 dode
1315 3798 66 20 was
1395 3794 180 32 opgeschre­

1003 3834 68 21 ven.
1105 3829 85 27 Maar
1218 3830 154 27 daarover
1401 3831 81 27 werd
1512 3833 74 26 toen

1003 3869 61 24 met
1082 3873 83 27 geen
1183 3868 104 26 woord
1306 3871 138 31 gerept...

1002 3905 55 26 773
1082 3905 161 27 arbeiders
1265 3912 40 20 en
1329 3906 55 27 132
1406 3907 180 28 bedienden

1001 3943 124 26 werden
1165 3943 64 27 hier
1264 3950 131 27 gewoon
1434 3945 151 32 miskend,

1002 3980 164 32 misbruikt,
1185 3981 76 33 opzij
1281 3985 100 30 gezet.

277 1719 46 56 In
341 1719 62 56 de
423 1719 356 58 miniwet-fase

277 1808 59 26 Zes
347 1807 65 34 jaar
423 1808 26 27 is
461 1809 51 26 het
522 1809 136 33 geleden
669 1811 53 26 dat
734 1810 52 27 het

279 1847 112 27 laatste
404 1848 310 33 interprofessioneel
726 1850 137 27 akkoord

277 1886 81 26 werd
371 1886 188 33 afgesloten.
571 1887 75 31 „Het
657 1887 137 28 akkoord
805 1895 60 20 van

276 1924 40 26 de
329 1924 198 27 solidariteit”
540 1925 169 27 betitelden
719 1925 45 34 wij
777 1926 51 27 het

276 1964 82 25 toen.
372 1963 52 26 Die
436 1963 180 27 solidariteit
627 1963 25 27 is
664 1964 164 28 sindsdien
840 1965 62 27 niet

277 2007 85 20 meer
372 2001 202 33 opgebracht.
586 2002 83 31 „Een
680 2002 137 28 akkoord

276 2038 146 27 bereiken
436 2039 26 27 in
474 2040 104 33 goede
589 2039 93 33 tijden
695 2041 92 26 bleek
796 2047 84 28 geen

276 2077 158 32 probleem
446 2079 31 25 te
488 2077 66 34 zijn.
564 2078 84 26 Toen
659 2078 58 27 viel
729 2085 33 20 er
772 2081 30 25 te

275 2115 156 27 verdelen.
446 2116 85 26 Maar
542 2116 59 26 kan
613 2116 51 27 het
675 2117 61 26 ook
747 2117 27 27 in

275 2152 121 27 slechte
408 2153 94 33 tijden
513 2154 48 26 als
572 2160 34 20 er
616 2156 84 25 moet
710 2156 157 32 gesnoeid

274 2191 164 27 worden?”
451 2198 139 28 vroegen
602 2192 43 34 wij
657 2198 60 22 ons
728 2193 31 27 af
768 2193 115 34 tijdens

273 2229 40 26 de
326 2230 162 27 Nationale
498 2230 329 29 Arbeidsconferentie
839 2232 27 27 in

274 2268 170 27 november
454 2268 27 33 jl.
493 2268 54 27 Tot
558 2275 38 20 nu
607 2271 53 25 toe
672 2270 85 26 heeft
769 2270 52 27 het
832 2271 62 27 niet

273 2307 132 33 gekund.
419 2308 43 26 De
473 2308 221 33 ontwerptekst
704 2316 60 20 van
776 2311 40 25 de

274 2345 140 34 regering
425 2345 207 34 onmiddellijk
642 2353 39 20 na
692 2347 41 27 de

274 2383 161 27 Nationale
446 2384 327 28 Arbeidsconferentie
784 2387 83 26 werd

272 2422 166 33 algemeen
450 2423 192 33 afgewezen.
656 2423 28 27 In
696 2426 147 26 extremis

272 2460 96 27 kwam
381 2461 76 26 door
469 2461 208 35 bemiddeling
688 2469 59 20 van
759 2463 40 27 de

272 2499 140 33 regering
423 2500 72 26 toch
507 2506 61 20 een
579 2502 149 31 ontwerp-

272 2537 311 33 Interprofessioneel
594 2539 141 27 Akkoord
746 2541 44 25 tot

271 2575 101 27 stand.
387 2575 42 27 De
443 2576 85 26 Raad
539 2582 59 21 van
611 2576 51 27 het
673 2576 72 27 ACV
757 2577 116 28 keurde

270 2613 40 26 dit
322 2613 92 33 goed,
428 2620 85 20 maar
524 2614 51 26 het
586 2615 81 26 werd
679 2614 100 35 spijtig

269 2658 126 27 genoeg
408 2653 77 26 door
495 2653 118 26 andere
626 2653 120 27 sociale
757 2657 143 30 partners

271 2689 60 27 niet
342 2691 168 26 aanvaard.

268 2727 81 27 Toch
363 2728 124 26 hebben
498 2735 46 20 we
557 2729 149 27 herhaald
717 2730 53 27 dat
781 2736 76 21 over

268 2773 61 19 een
342 2767 127 27 materie
479 2774 161 21 waarover
649 2768 40 27 de

268 2805 208 27 werknemers
487 2805 59 27 zelf
557 2806 146 34 bevoegd
713 2806 66 34 zijn,
791 2807 53 27 het

268 2843 88 26 beter
368 2843 26 26 is
404 2845 113 25 tussen
528 2844 40 26 de
580 2844 120 27 sociale

267 2881 301 33 gesprekspartners
581 2888 61 21 een
654 2883 137 27 akkoord
802 2884 32 27 af
843 2886 31 25 te

267 2919 122 31 sluiten,
400 2920 62 26 dan
474 2921 213 33 maatregelen
699 2928 59 20 van
770 2922 40 26 de

266 2960 157 31 wetgever
432 2960 31 24 te
475 2960 125 25 moeten
611 2959 194 34 ondergaan.

266 2995 64 26 Wat
343 2995 27 27 in
384 2996 51 26 het
446 2998 127 25 recente
585 2998 137 32 ontwerp
732 2998 139 27 centraal

266 3033 135 27 akkoord
415 3034 92 26 stond
518 3040 57 21 zou
587 3041 75 20 voor
672 3035 40 26 de

265 3072 208 26 werknemers
485 3072 61 27 ook
555 3072 70 27 veel
637 3072 89 27 beter

266 3109 185 34 uitgevallen
462 3110 66 33 zijn,
539 3111 61 26 dan
612 3111 41 26 de
663 3112 149 27 toestand
823 3113 51 26 die

264 3148 66 27 zich
343 3148 94 27 vanaf
448 3149 11 25 1
473 3148 118 33 januari
602 3150 152 26 voordoet
765 3157 39 20 nu
815 3151 41 26 de

264 3192 57 27 zgn
334 3186 129 27 miniwet
474 3193 59 21 van
543 3188 189 34 toepassing
744 3188 35 27 is.

264 3223 84 28 Onze
362 3224 176 34 bijzondere
550 3227 159 26 aandacht
719 3229 74 31 gaat
805 3234 39 21 nu

265 3263 39 27 uit
316 3270 75 20 naar
401 3264 40 26 de
453 3264 177 27 herstelwet
640 3265 51 27 die
703 3266 190 28 momenteel

264 3301 27 27 in
303 3302 188 33 bespreking
503 3302 26 27 is
541 3302 27 27 in
579 3303 40 27 de
632 3303 240 28 Parlementaire

263 3339 206 28 Commissies
482 3347 38 20 en
532 3341 50 26 die
593 3342 95 26 vanaf
698 3342 36 27 15
744 3342 134 28 februari

263 3379 39 26 de
316 3378 129 27 miniwet
455 3379 84 27 dient
549 3381 31 25 te
591 3386 189 28 vervangen.
794 3381 55 27 Het

264 3417 131 26 Bestuur
406 3424 60 19 van
479 3417 51 27 het
540 3417 73 27 ACV
623 3418 53 27 dat
686 3418 135 35 dinsdag

262 3455 204 33 vergaderde,
477 3458 101 24 wenst
588 3462 39 20 en
640 3456 95 34 hoopt
745 3457 53 27 dat

263 3493 151 33 Regering
428 3500 39 20 en
481 3494 235 27 Parlementten
728 3495 113 28 minste
853 3496 28 27 in

262 3528 49 27 die
330 3530 112 26 wetten
462 3529 144 27 voorzien
624 3531 65 26 dat:
707 3532 41 26 de

262 3566 135 33 lopende
416 3567 118 27 c.a.o.’s
554 3568 182 34 uitgevoerd
754 3571 136 32 worden,

263 3606 50 26 het
331 3607 224 34 gewaarborgd
576 3607 166 29 minimum-

262 3644 259 28 maandinkomen
541 3646 160 34 verhoogd
720 3648 104 31 wordt,

260 3682 40 26 de
320 3683 178 26 baremieke
517 3685 213 33 verhogingen

261 3725 170 31 toegepast
441 3724 134 32 worden,
588 3724 106 27 ruimte
705 3726 95 26 wordt

261 3761 126 33 gelaten
398 3768 75 20 voor
482 3762 318 35 werktijdverkorting,
811 3764 41 26 de

262 3799 169 27 resultaten
444 3806 60 20 van
515 3800 41 26 de
568 3800 145 35 matiging
724 3807 41 28 op

260 3838 316 34 ondernemingsvlak
585 3839 144 34 duidelijk

259 3876 238 33 gecontroleerd
511 3876 123 28 kunnen
646 3878 125 26 worden
783 3885 40 20 en
834 3879 41 26 de

260 3914 149 33 integrale
421 3915 187 33 toepassing
621 3922 59 20 van
692 3916 40 26 de
744 3916 91 27 index

259 3952 224 33 gewaarborgd
494 3953 102 26 wordt.

259 3990 78 26 Voor
347 3992 58 24 wat
416 3990 40 27 de
467 3990 168 34 Openbare
648 3991 149 28 Diensten

259 4028 119 31 betreft,
390 4029 154 27 verwacht
556 4029 51 27 het
618 4029 72 27 ACV

259 4066 206 33 uitdrukkelijk
475 4074 60 20 van
546 4068 40 26 de
599 4068 153 35 Regering
763 4076 40 20 en
816 4070 51 27 het

259 4105 173 26 Parlement
442 4106 53 26 dat
506 4106 133 26 behalve
650 4106 41 27 de
703 4107 145 34 matiging

257 4143 50 26 die
320 4143 60 26 ook
391 4149 74 20 voor
475 4143 40 26 de
527 4143 204 33 privé-sector
740 4145 85 33 geldt
836 4152 40 20 en

257 4188 61 19 een
330 4182 340 34 solidariteitsbijdrage
681 4189 76 21 voor
766 4184 40 27 de

257 4219 123 27 Sociale
392 4220 178 33 Zekerheid,
582 4227 83 28 geen
677 4223 119 26 andere

257 4258 101 27 lasten
372 4265 60 20 aan
445 4259 51 26 het
507 4261 169 31 personeel
687 4262 125 26 worden

256 4297 166 34 opgelegd.

257 4335 54 26 Het
324 4335 132 27 Bestuur
465 4343 60 19 van
538 4337 51 26 het
600 4336 72 27 ACV
682 4339 190 31 protesteert

256 4375 61 25 met
330 4374 78 26 klem
419 4376 94 32 tegen
526 4375 51 26 het
588 4375 197 34 verschijnen
797 4383 60 20 van

255 4412 39 27 de
308 4412 185 33 Koninklijke
506 4413 158 27 Besluiten
675 4414 50 27 die
737 4415 40 26 de

254 4450 509 36 werkloosheidsreglementering

253 4488 145 34 wijzigen.
412 4489 43 26 De
466 4489 161 33 syndicale
639 4491 212 33 organisaties

255 4526 124 27 hebben
394 4527 82 27 nooit
487 4528 39 26 de
539 4527 78 27 kans
629 4529 104 33 gehad
745 4535 50 21 om
806 4536 76 21 over

253 4565 40 26 de
306 4565 352 34 regeringsvoorstellen
670 4567 139 27 effectief
819 4570 31 25 te

253 4604 257 27 onderhandelen
522 4605 31 26 of
563 4611 49 20 om
624 4605 204 28 alternatieve

252 4642 189 27 voorstellen
451 4645 31 24 te
493 4643 195 28 formuleren.

252 4680 80 27 Over
345 4681 51 26 het
407 4681 114 33 geheel
532 4688 60 20 van
603 4682 40 27 de
656 4683 191 32 problemen,

251 4719 50 27 die
312 4719 65 26 zich
389 4718 27 27 in
428 4720 79 26 deze
520 4720 215 28 miniwet-fase
747 4722 123 32 stellen,

251 4759 99 25 wenst
362 4758 51 26 het
424 4757 216 28 ACV-bestuur
650 4765 61 21 een
722 4759 152 34 dringend

250 4796 138 33 gesprek
399 4798 60 25 met
470 4797 40 26 de
522 4797 150 34 regering.

696 4836 42 26 De
750 4836 138 27 redactie

2098 1379 183 227 ■

809 1532 55 44 -jij

0 0 214 46 BBBB

2674 2850 9 68 !
2706 2845 63 75 •?

1639 4372 126 48 Vijgen
1792 4381 43 30 na
1864 4373 119 40 Pasen

1638 4443 79 30 „Van
1740 4443 35 27 18
1795 4444 165 28 december
1978 4447 44 26 tot
2040 4446 32 27 31
2096 4446 125 34 januari,

1635 4479 122 27 zouden
1781 4486 45 20 we
1850 4480 26 27 in
1899 4482 211 34 gedeeltelijke
2131 4484 80 26 werk­

1638 4516 138 28 loosheid
1810 4518 98 33 gaan”
1942 4521 71 32 zegt
2047 4519 100 35 Roger
2180 4521 42 28 De

1638 4557 73 31 Beir,
1729 4558 69 31 „dat
1811 4565 63 21 was
1888 4559 136 28 allemaal
2039 4561 82 33 goed
2137 4567 72 28 gere­

1636 4595 69 34 geld
1720 4597 106 26 tussen
1839 4597 183 28 vakbonden
2035 4604 38 21 en
2087 4599 132 28 directie.

1637 4633 41 28 De
1701 4635 105 27 laatste
1827 4635 59 34 dag
1908 4636 105 27 echter
2032 4637 121 28 werden
2175 4645 46 21 we

1636 4672 256 35 bijeengeroepen
1915 4680 41 28 op
1976 4680 58 21 een
2056 4677 165 31 spoedver-

1636 4748 179 35 heilstijding
1834 4749 104 32 „Vorst
1952 4742 98 37 sluit”.
2067 4752 151 32 Iedereen,

1633 4787 93 27 zowel
1743 4787 87 28 leden
1844 4795 56 20 van
1914 4789 39 27 de
1967 4790 240 35 ondernemings­

1636 4825 69 28 raad
1723 4825 44 28 als
1784 4826 56 27 alle
1857 4826 155 28 arbeiders
2030 4827 111 35 kregen
2159 4835 59 21 een

1635 4863 162 34 uitvoerige
1822 4866 71 26 nota
1916 4864 48 34 (12
1986 4865 54 28 blz.
2062 4879 12 6 -
2096 4866 122 35 n.v.d.r.)

1633 4902 109 27 waarin
1764 4901 120 29 Citroën
1906 4902 38 28 de
1964 4904 89 33 eigen
2073 4906 144 27 toestand

1633 4939 136 28 schetste
1784 4947 38 20 en
1837 4941 48 27 die
1897 4947 56 21 van
1967 4942 39 27 de
2019 4944 200 27 automobiel-

1634 4978 100 28 markt.
1754 4978 37 35 Zij
1809 4979 67 27 zien
1892 4980 108 34 weinig
2017 4981 100 33 goeds
2135 4981 26 28 in
2179 4982 39 27 de

1635 5016 160 34 Belgische
1812 5017 100 32 markt,
1928 5018 110 28 vinden
2054 5019 86 28 Vorst
2157 5021 60 27 niet

1632 5055 138 33 geschikt
1802 5062 74 21 voor
1907 5057 238 35 modernisering
2177 5065 39 21 en

1633 5093 186 35 uitbreiding,
1838 5094 149 35 verwijten
2003 5101 59 22 ons
2078 5096 39 27 de
2135 5097 82 34 hoge

1633 5132 181 27 loonkosten
1833 5139 38 20 en
1890 5133 269 34 produktiekosten
2176 5142 39 21 en

1630 5170 154 34 verwijzen
1820 5177 71 21 naar
1922 5172 98 33 Japan
2054 5172 49 28 die
2137 5179 78 22 onze

1632 5208 92 27 markt
1741 5211 141 25 verovert.

1647 3566 94 27 kwam
1770 3567 209 35 gedeeltelijke
2008 3569 222 29 werkloosheid

1646 3611 37 20 en
1706 3605 39 27 de
1764 3606 202 28 werknemers
1985 3608 149 27 vreesden
2155 3609 76 27 zelfs

1645 3650 73 20 voor
1740 3643 204 35 afdankingen
1968 3645 26 27 in
2018 3645 53 28 '81.
2095 3646 35 27 Er
2149 3647 80 27 werd

1645 3682 61 26 ook
1723 3688 81 21 meer
1817 3688 38 21 en
1872 3689 81 21 meer
1968 3683 35 32 „è
2019 3683 209 35 l’improviste”

1645 3720 139 33 gewerkt.
1817 3720 34 28 Er
1878 3722 67 27 stak
1974 3728 80 28 geen
2085 3723 144 35 planning

1646 3764 82 21 meer
1757 3759 27 27 in
1813 3760 38 26 de
1879 3760 105 27 orders
2011 3760 49 27 die
2089 3764 139 25 moesten

1646 3797 173 33 uitgevoerd
1847 3798 131 27 worden.
2007 3798 223 30 Citroën-Vorst

1646 3835 88 34 kreeg
1758 3838 96 25 zowat
1876 3837 39 26 de
1936 3837 69 27 taak
2026 3843 56 21 van
2106 3838 123 34 „oplap-

1645 3872 69 33 per”
1743 3872 31 28 of
1801 3873 232 34 „gatenvuller”:
2060 3877 57 25 wat
2142 3882 33 21 er
2199 3879 29 24 te

1645 3910 63 28 kort
1733 3917 63 21 was
1823 3911 26 27 in
1875 3912 38 27 de
1940 3912 109 28 Franse
2076 3913 151 35 bedrijven

1643 3949 79 27 werd
1754 3949 62 27 hier
1842 3950 169 34 aangevuld
2040 3957 38 21 en
2109 3953 118 32 precies

1643 3987 77 27 door
1732 3987 57 35 zijn
1803 3987 173 29 flexibiliteit
1989 3989 58 28 kon
2061 3990 87 27 Vorst
2160 3991 66 27 snel

1644 4025 135 33 inspelen
1798 4032 40 28 op
1854 4026 39 27 de
1908 4033 89 28 vraag
2015 4033 72 21 naar
2103 4028 49 27 het
2168 4035 59 21 ene

1642 4063 31 27 of
1690 4063 49 27 het
1754 4064 113 27 andere
1881 4066 220 32 wagenmodel.
2119 4066 95 28 Uitein­

1642 4102 88 34 delijk
1755 4102 87 28 bleek
1866 4104 51 26 dat
1941 4104 39 26 de
2004 4104 124 28 directie
2153 4106 72 27 toch

1643 4140 149 34 peilingen
1828 4147 38 21 en
1900 4141 118 28 studies
2052 4142 59 28 had
2147 4143 78 28 laten

1641 4178 81 27 doen
1744 4185 71 21 naar
1832 4180 39 26 de
1891 4180 197 28 rendabiliteit
2105 4188 56 21 van
2180 4182 32 28 Ci­

1640 4217 194 31 troën-Vorst,
1856 4224 82 21 maar
1954 4219 130 29 daarvan
2102 4221 122 28 werden

1639 4256 39 26 de
1714 4256 182 27 vakbonden
1933 4257 173 35 nauwelijks
2143 4258 82 34 inge-

2276 4604 111 40 Koele
2415 4607 214 47 gentleman

2274 4673 42 27 De
2357 4675 164 34 ontslagen
2562 4678 204 29 werknemers
2806 4686 56 21 van

1635 4711 154 34 gadering.
1814 4711 76 28 Daar
1910 4712 111 35 kregen
2042 4720 45 21 we
2107 4714 39 27 de
2166 4721 54 21 on-
2272 4711 88 29 Vorst
2376 4712 58 35 zijn
2452 4714 59 27 niet
2528 4717 43 25 tot
2587 4716 39 27 de
2643 4718 79 26 actie
2738 4724 124 29 overge-

1636 4748 436 12 *■*•
2101 4752 12 7 J
2272 4757 89 28 gaan.
2380 4752 31 26 Al
2430 4753 80 27 werd
2528 4753 39 28 de
2585 4754 67 28 idee
2668 4762 56 21 van
2743 4756 107 30 „bezet­

2271 4789 70 27 ten”
2361 4790 55 27 wel
2438 4790 27 28 in
2483 4794 193 33 overweging
2696 4800 164 28 genomen.

1880 1533 21 23 jj

2910 3766 58 21 van
2994 3760 50 28 het
3067 3761 230 34 brugpensioen
3319 3769 41 28 op
3381 3764 37 27 55
3439 3764 64 34 jaar

2910 3804 76 21 voor
3019 3805 141 25 mannen,
3195 3806 41 28 op
3267 3800 38 28 50
3334 3801 64 34 jaar
3428 3809 74 21 voor

2910 3843 143 22 vrouwen
3077 3844 39 20 en
3141 3838 50 28 het
3213 3842 208 31 engagement
3443 3847 57 21 van

2910 3874 262 29 Citroën-directie
3187 3883 38 21 en
3242 3877 162 35 Belgische
3418 3885 83 22 over-

2912 3913 68 28 heid
3001 3913 52 28 dat
3072 3920 32 21 er
3121 3920 59 23 een
3200 3915 299 36 tewerkstellingscel

2368 3956 49 28 die
2436 3957 77 27 troef
2533 3957 61 27 ook
2614 3957 158 35 uitspelen,
2794 3959 68 28 dur-
2912 3952 56 27 kan
2986 3952 166 28 behouden
3169 3953 107 35 blijven
3292 3955 45 27 als
3352 3956 149 34 startplat-

2542 4001 38 22 z~.
2733 4002 56 22 vc.-.
2909 3990 78 28 form
3020 3998 74 21 voor
3126 3992 117 28 nieuwe
3274 3993 213 35 werkgelegen­

2911 4029 78 27 heid.
3401 4036 98 30 c.V.L.

2916 2811 366 49 Verzoeningsronde

2917 2879 72 28 Eind
3014 2880 168 28 december
3203 2880 137 29 kwamen
3362 2882 39 28 de
3422 2882 84 29 ACV-

2916 2919 165 27 militanten
3107 2919 99 35 bijeen
3229 2925 50 22 om
3302 2926 59 21 een
3384 2920 122 28 ultieme

2914 2956 404 36 verzoeningsvergadering
3336 2960 59 26 met
3408 2960 39 27 de
3460 2959 46 28 Ci-

2914 2995 200 28 troën-bazen
3134 3002 75 22 voor
3227 2998 30 26 te
3277 2997 154 28 bereiden.
3453 2997 52 29 Die

2914 3033 302 35 verzoeningsronde
3238 3034 58 28 had
3316 3034 98 35 plaats
3431 3036 61 28 vori­

2914 3078 40 27 ge
2986 3071 141 35 dinsdag.
3161 3072 42 28 De
3233 3073 273 29 vakbondsonder-

2916 3109 183 29 handelaars
3128 3110 127 28 trokken
3283 3117 33 22 er
3344 3117 73 23 naar
3443 3114 60 30 toe,

2914 3148 159 34 vergezeld
3094 3155 57 21 van
3170 3150 69 27 zo’n
3257 3149 58 29 300
3333 3150 18 28 ë
3368 3150 58 29 400
3443 3157 51 22 ver­

2915 3186 113 34 bolgen
3078 3187 164 34 ontslagen
3290 3188 213 29 werknemers.

2914 3225 62 26 Aan
2999 3225 38 27 de
3058 3225 160 28 voorzitter
3235 3232 58 21 van
3314 3226 50 28 het
3386 3227 120 29 Paritair

2914 3262 118 28 Comité
3056 3264 155 27 vertelden
3234 3264 40 27 de
3296 3264 207 35 afgedankten

2915 3301 61 27 hun
2997 3302 130 33 grieven,
3148 3303 49 26 die
3218 3309 67 21 mee
3304 3308 199 29 opgenomen

2913 3338 122 28 werden
3056 3339 27 27 in
3102 3339 39 28 de
3161 3340 116 28 balans.

2655 3408 7 2 .
2801 3408 35 11 wi
2836 3408 30 4 __
2915 3376 41 27 De
2979 3376 121 35 sluiting
3127 3377 24 28 is
3173 3377 26 28 in
3221 3378 48 27 elk
3289 3379 85 33 geval
3397 3385 107 22 onom-

2281 3425 58 21 zou
2353 3432 38 5 —
2401 3408 135 39 allemaal
2550 3420 128 34 volgens
2690 3421 39 27 de
2742 3422 125 28 directie
2915 3415 146 27 keerbaar
3075 3416 108 27 zeiden
3199 3417 38 27 de
3252 3418 251 29 woordvoerders

2912 3460 57 20 van
3038 3453 465 35 Peugeot-Simca-Citroën-Tal-

2914 3491 60 30 bot,
2999 3498 83 21 maar
3102 3499 72 21 over
3194 3493 39 27 de
3253 3493 249 30 vakbondseisen

2912 3529 108 28 wilden
3046 3537 36 21 ze
3106 3531 54 28 wel
3186 3531 218 30 discussiëren.
3430 3533 60 28 Wel­

2914 3568 70 28 licht
2995 3570 130 26 voelden
3138 3576 36 21 ze
3186 3576 57 21 aan
3256 3571 51 27 dat
3318 3578 36 20 ze
3365 3574 57 25 wat
3434 3573 26 26 al
3473 3575 30 25 te

2912 3607 68 34 grof
2997 3614 101 21 waren
3116 3609 112 27 tewerk
3246 3615 130 29 gegaan.

2913 3645 42 28 De
2985 3645 125 28 bonden
3137 3653 112 28 vragen
3277 3654 75 21 voor
3378 3649 39 27 de
3444 3649 58 28 905

2911 3684 198 28 slachtoffers
3121 3691 59 22 een
3195 3687 113 27 morele
3320 3687 182 28 schadever-

2278 3727 111 27 Verder
2406 3727 23 28 is
2444 3728 51 27 dat
2509 3728 126 27 verschil
2652 3735 79 28 geen
2749 3730 115 27 loutere
2912 3722 135 35 goedmg
3065 3723 45 27 als
3124 3724 173 34 toemaatje,
3313 3725 188 36 toekenning

2280 3765 353 35 loonsaangelegenheid
2655 3767 86 27 zoals
2762 3767 39 28 de
2822 3768 28 27 di­

2280 3803 89 27 rectie
2391 3803 43 28 wil
2457 3803 82 28 doen
2561 3805 137 33 geloven.
2721 3805 50 28 Als
2793 3813 69 20 men

2277 3841 86 27 Vorst
2376 3848 66 21 wou
2458 3842 180 28 handhaven
2652 3844 45 26 als
2710 3850 57 21 een
2783 3845 68 33 poly­

2276 3880 118 27 valente
2409 3879 122 31 fabriek,
2546 3887 80 21 waar
2640 3887 68 21 men
2722 3882 68 34 vlug
2804 3888 57 21 van

2278 3917 99 27 model
2407 3918 56 27 kan
2490 3918 155 31 switchen,
2673 3919 60 28 dan
2763 3923 99 25 moest

2278 3962 68 21 men
2368 3963 6 20 <

2276 4000 55 21 ven
2354 3995 167 27 investeren
2541 4001 38 21 en
2599 3996 190 28 vernieuwen
2810 4003 50 21 om

2275 4033 66 26 zich
2365 4035 29 24 te
2418 4033 188 27 handhaven.
2633 4034 81 27 Maar
2736 4035 51 27 dat
2810 4041 38 28 ge­

2277 4071 114 27 beurde
2408 4071 135 28 allemaal
2562 4072 68 27 niet.
2648 4072 54 27 Het
2719 4072 57 35 liep
2791 4074 57 27 alle­

2277 4109 75 26 maal
2370 4114 41 28 op
2427 4109 123 35 wieltjes
2566 4110 27 27 in
2608 4110 39 27 de
2661 4111 83 34 jaren
2759 4111 100 31 60-70;

2275 4147 39 26 de
2333 4147 115 27 weelde
2469 4147 57 28 kon
2544 4149 72 26 toen
2636 4148 60 27 niet
2713 4155 48 27 op.
2781 4149 79 28 Zelfs

2277 4191 38 20 nu
2335 4191 59 27 nog
2414 4185 91 27 reden
2522 4192 32 20 er
2568 4186 68 27 zo'n
2655 4186 54 28 160
2726 4189 59 25 met
2801 4194 58 21 een

2275 4229 106 27 wagen
2399 4229 40 27 op
2457 4223 107 27 kosten
2579 4230 56 21 van
2651 4224 39 27 de
2704 4224 94 28 firma.
2816 4226 42 27 Nu

2275 4260 82 34 geeft
2373 4267 68 21 men
2456 4263 51 25 toe
2520 4261 51 27 dat
2583 4268 46 20 we
2643 4263 216 28 onvoldoende

2276 4299 124 26 modern
2429 4298 57 35 zijn
2515 4299 146 34 uitgerust
2688 4306 51 21 om
2766 4303 92 32 tegen

2274 4336 97 33 Japan
2405 4339 29 24 te
2467 4343 211 22 concurreren.
2714 4338 42 28 Nu
2789 4342 69 31 zegt

2276 4381 78 20 men:
2371 4381 62 24 „we
2447 4377 139 26 moesten
2598 4376 49 32 dit,
2660 4383 45 21 we
2718 4380 140 26 moesten

2274 4412 98 28 dat...”
2397 4420 81 21 maar
2498 4414 143 27 daarmee
2664 4415 24 27 is
2708 4416 39 27 de
2767 4417 80 27 werk­

2276 4457 67 21 man
2363 4451 59 27 niet
2440 4452 140 34 gediend.
2600 4452 59 28 Met
2674 4454 27 27 al
2718 4454 49 28 die
2782 4455 64 34 wijs­

2275 4491 67 27 heid
2366 4491 196 34 post-factum
2582 4495 78 25 staat
2682 4493 36 35 hij
2739 4500 58 21 aan
2818 4496 40 26 de

2273 4529 90 33 dop".

2909 4775 151 35 KLEUR
3087 4776 58 35 DE
3170 4776 107 35 SINT

2273 4827 82 27 Maar
2371 4826 50 29 het
2435 4830 107 33 gevoel
2556 4820 304 47 van"velsiagenheid
2908 4827 67 26 Niet
2987 4827 117 27 minder
3114 4828 62 27 dan
3186 4828 77 27 3989
3275 4828 209 36 inzendingen

2272 4866 24 27 is
2315 4867 30 26 te
2363 4869 98 32 groot,
2481 4868 39 27 de
2538 4870 220 33 tegenstander
2775 4871 39 28 zit
2831 4874 31 26 te
2905 4865 175 33 welgeteld,
3093 4865 127 28 hebben
3230 4872 47 21 we
3288 4873 41 27 op
3340 4872 80 22 onze

2269 4903 110 29 veraf...
2406 4904 123 30 Citroën
2554 4907 59 28 zelf
2638 4907 82 29 heeft
2743 4909 118 30 slechts
2907 4903 137 27 redactie
3057 4904 225 34 toegekregen.
3296 4905 86 27 Meer
3391 4905 63 28 dan

2269 4948 59 21 een
2352 4943 398 38 minderheidsparticipatie
2771 4948 28 28 in
2820 4949 40 28 de
2906 4941 69 27 veel
2988 4941 70 32 dus,
3069 4947 40 22 en
3120 4942 54 27 dat
3184 4942 86 28 heeft
3281 4948 60 22 ons
3352 4944 131 32 oprecht

2269 4987 97 29 groep
2394 4982 466 35 Peugeot-Simca-Citroën-Tal-
2905 4980 106 34 deugd
3022 4981 137 33 gedaan.
3171 4979 66 28 Ons

2269 5019 61 28 bot.
2353 5020 77 28 Daar
2448 5022 124 28 worden
2592 5023 40 28 de
2653 5023 205 37 beslissingen
2906 5018 242 33 prijzenaanbod
3162 5018 127 28 hebben
3299 5026 48 21 we
3358 5025 50 22 om
3419 5020 51 28 die

2268 5064 165 28 genomen.
2456 5059 76 29 Daar
2548 5062 81 27 werd
2648 5063 61 27 ook
2726 5066 131 33 gezegd:
2907 5056 96 27 reden
3015 5056 157 28 drastisch
3183 5058 224 33 opgetrokken.
3420 5060 43 26 De

2267 5103 33 21 er
2324 5101 123 24 moeten
2472 5099 27 27 in
2522 5101 92 27 totaal
2638 5100 107 30 20.000
2767 5104 92 27 werk-
2906 5100 39 20 na
2958 5094 71 34 lang
3039 5095 123 27 zoeken
3173 5095 188 35 uiteindelijk
3369 5096 73 28 toch

2268 5134 145 29 krachten
2432 5136 159 34 afvloeien,
2611 5138 27 28 in
2655 5146 79 22 onze
2752 5141 106 36 bedrij-
2905 5133 168 33 gevonden
3084 5133 210 35 onschuldige
3305 5134 94 33 hand,

2265 5179 58 21 ven
2340 5173 27 28 in
2381 5173 122 37 Spanje,
2520 5176 155 36 Frankrijk,
2691 5178 165 36 Engeland,

2268 5211 112 35 België.
2401 5213 89 28 Jullie
2509 5214 58 35 zijn
2588 5215 37 36 bij
2646 5217 39 27 de
2704 5220 151 27 eersten...
