3943 5530
3860 261 77 57 vol

3705 294 23 37 2

441 302 304 60 volksmacht

809 326 20 32 9
840 324 175 33 JANUAR1
1032 321 218 34 1981—NR.
1265 320 20 32 2

3458 782 14 18 4

595 1121 110 62 Van
725 1119 70 64 de
815 1129 108 54 ene
945 1117 128 64 lach
1095 1129 134 52 naar
1249 1117 72 64 de
1341 1117 210 64 andere

43 2779 32 74 I

3647 3142 90 29 JAGO

428 492 1272 248 LUISTER

436 748 928 280 nwe
1372 748 340 24 -

1779 1803 536 88 KONINKLIJKE

1779 1911 476 90 COMMISSIE

1775 2021 164 86 VAN
1987 2019 252 86 START

804 2453 170 64 ACTIE
1004 2451 360 64 SCHILDPAD:

844 2543 478 64 DREMPELVREES

730 2621 158 64 VOOR
928 2617 528 66 AUTOMOBILISTEN

3111 497 53 26 Om
3188 496 36 25 de
3248 494 109 27 sociale
3381 491 153 27 zekerheid
3558 492 27 24 te
3610 495 101 20 versoe­

3110 533 112 33 pelen...

1861 4965 63 29 Met
1936 4966 142 35 speciale
2091 4964 166 31 radiotrein

1861 5006 150 36 (dagreis)

1859 5048 148 34 vliegtuig

1861 5089 131 28 autocar

1859 5129 95 37 eigen
1966 5132 112 31 wagen

3895 2887 39 33 B.

3893 2953 50 25 B./

3893 2989 28 24 in
3934 2996 9 17 c

3892 3023 51 26 hee

3892 3066 49 18 ver

3891 3095 52 26 har.

3890 3139 53 24 gen

3890 3167 53 25 dea

3890 3203 50 25 Als

3890 3246 53 18 van

3890 3274 53 31 fela

3890 3318 53 17 van

3889 3345 51 26 der

3889 3381 54 26 den

3889 3421 54 22 teer

3889 3461 54 17 mat

3888 3488 51 26 kos

3888 3525 55 25 Een

3887 3560 53 25 zek

3887 3596 55 32 lijk,

3887 3640 53 17 con

3887 3675 53 18 zou

3886 3704 57 25 ziel

3886 3739 45 26 len

3887 3783 56 18 wac

3886 3811 57 26 best

3887 3847 24 24 Is
3926 3855 17 17 e

3886 3890 54 18 nen

3885 3919 26 25 le
3933 3927 10 17 r

3885 3955 58 25 dier

3885 3990 58 26 loos

3885 4028 52 25 tise

3884 4063 59 32 bes}

3884 4098 47 26 het

3884 4134 55 26 voll

3884 4177 54 18 van

3884 4205 59 25 dezt

3885 4242 57 25 ban.

3883 4277 57 26 had

3882 4314 35 25 de

3880 4349 63 26 schc

3881 4393 55 18 van

3882 4420 58 25 Dez

3882 4457 35 32 zij
3931 4458 9 29 (

3881 4492 45 26 die

3881 4536 62 18 verc

3881 4572 62 18 maa

3879 4600 64 25 acht

3879 4643 60 18 cem

3878 4679 37 24 op
3932 4680 11 16 r

3878 4708 65 25 toek

3878 4744 49 32 mij

3879 4780 61 25 Ban

3877 4823 66 18 cem.

3878 4851 28 25 ik
3930 4860 13 16 r

3877 4887 63 26 beta

3877 4927 66 22 trac.

3876 4961 67 31 tuig<

3875 4995 68 26 kaar

3875 5031 35 25 de

3874 5067 69 26 slecl

3874 5110 53 18 zou

2821 3453 301 44 werkloosheid,
3139 3455 81 44 zijn
3234 3466 53 23 nu
3302 3454 203 45 verhoogd
3517 3462 61 28 tot
3589 3455 67 35 het

2813 3505 175 46 plafond
3001 3517 99 24 voor
3110 3506 145 38 ziekte-
3268 3518 49 23 en

2819 3557 566 45 invaliditeitsvergoedingen.

2816 3610 88 34 Dat
2912 3607 175 47 plafond
3100 3619 77 24 van
3192 3608 200 45 70.400fr.
3409 3610 34 34 is
3455 3609 222 36 bovendien

2818 3672 52 34 op
2882 3662 21 34 1
2911 3662 170 44 januari
3093 3661 95 35 1981
3200 3661 265 45 geïndexeerd
3477 3668 60 29 tot
3550 3663 140 34 71.800

2808 3711 34 46 f
2835 3724 20 22 r
2856 3739 9 8 -

2815 3764 83 35 Die
2912 3763 214 45 verhoging
3136 3763 183 36 betekent
3329 3763 73 36 dat
3415 3763 131 46 vanaf
3552 3765 21 34 1

2810 3817 170 45 januari
2994 3816 45 36 al
3052 3818 73 33 wie
3137 3828 107 24 meer
3252 3816 83 36 dan
3346 3816 204 46 34.750fr.

2819 3867 188 43 verdient,
3023 3866 111 46 1,2%
3148 3879 107 23 meer
3264 3868 67 38 zal
3342 3867 253 45 afgehouden

2820 3918 155 36 worden
2990 3930 52 33 op
3053 3918 67 35 het
3131 3918 91 36 stuk
3236 3930 77 24 van
3326 3920 82 44 zijn
3422 3919 98 36 loon
3533 3919 126 36 boven

2815 3969 204 46 34.750fr.
3034 3971 64 34 En
3111 3970 73 35 dat
3194 3970 183 36 betekent
3387 3971 83 35 ook
3482 3971 73 35 dat

2813 4023 216 36 bedienden
3044 4022 66 35 die
3124 4033 106 24 meer
3242 4022 208 35 verdienen
3463 4022 82 35 dan

2813 4074 201 46 57.450fr.
3026 4086 73 33 per
3109 4074 166 42 maand,
3289 4073 222 36 bovendien
3524 4073 69 36 6%

2815 4138 105 25 meer
2932 4133 155 28 moeten
3099 4126 207 45 bijdragen
3319 4137 53 34 op
3383 4125 69 36 het
3462 4125 91 36 stuk
3568 4137 76 24 van

2814 4179 81 35 hun
2912 4178 133 36 wedde
3058 4177 126 36 boven
3196 4176 202 46 57.450fr.
3416 4184 61 28 tot
3490 4177 200 47 71.800fr.

2811 4233 84 34 Het
2908 4238 163 38 systeem
3087 4243 75 24 van
3175 4231 208 46 bijdragen
3397 4233 34 35 is
3443 4232 209 36 daardoor

2815 4283 81 37 ook
2909 4284 265 44 eenvoudiger
3180 4284 227 44 geworden:
3421 4284 119 45 ofwel
3553 4286 34 34 is
3599 4296 44 24 er

2812 4348 96 33 geen
2919 4335 186 46 plafond,
3122 4335 120 45 ofwel
3254 4337 34 34 is
3299 4347 44 24 er
3353 4338 70 34 één
3432 4336 176 46 plafond

2816 4387 252 45 (71.800fr.).

1857 4627 134 62 met
2031 4621 434 66 k.w.b.-k.a.v.
2513 4635 162 50 naar

1865 4727 40 104 i
1999 4721 228 110 m
2295 4717 704 114 irhfq

3844 1502 73 27 1980
3938 1509 5 19 i'

3841 1549 102 27 gewee

3842 1583 94 26 houdt

3841 1624 96 26 alleen

3843 1664 100 26 lander

3840 1706 29 25 te
3887 1705 56 26 Inte

3840 1745 100 26 verloo

3840 1791 37 20 en
3894 1785 49 26 het

3841 1825 71 26 heer

3841 1868 99 24 moete

3841 1906 102 26 moede

3839 1945 65 27 Ook
3918 1952 24 23 oi

3839 1987 104 32 pracht

3838 2027 38 26 de
3897 2027 46 29 ,,B'

3839 2069 58 24 met
3933 2074 10 20 c

3839 2107 104 28 Marter

3837 2149 59 26 dan
3922 2155 17 20 e

3839 2188 67 29 Nee,
3922 2196 21 19 w

3838 2229 60 33 rige
3916 2229 27 26 cl

3838 2276 28 19 re
3871 2276 68 26 pres

3836 2315 86 28 guay,

3835 2350 55 33 zijn
3912 2356 26 20 m

3835 2390 46 28 de,
3913 2396 30 21 as

3835 2436 93 27 greep

3835 2468 50 27 We
3920 2476 18 27 g

3835 2516 108 26 geroor

3834 2551 109 32 spanni

3834 2591 100 32 ganda

3835 2631 26 26 In
3877 2631 49 27 het

3835 2671 59 26 Iran
3911 2678 32 20 er

1782 1622 43 45 IN
1848 1620 89 48 HET
1955 1621 159 46 KADER
2129 1621 97 46 VAN
2242 1620 264 47 ALGEMENE
2525 1620 331 48 HERVORMING

1779 1683 202 48 SOCIALE
1996 1684 268 46 ZEKERHEID

1974 3310 816 116 LOONGRENS
2830 3306 720 116 VERHOOGD

1847 3455 65 44 Op
1924 3465 61 24 uw
1999 3453 96 36 loon
2110 3453 157 36 worden
2279 3453 207 45 bijdragen

1845 3505 51 46 af
1886 3505 208 45 gehouden
2110 3517 100 23 voor
2219 3505 49 35 de
2282 3505 284 36 verschillende

1847 3557 145 36 takken
2010 3569 75 24 van
2098 3557 50 35 de
2160 3557 152 35 sociale
2324 3557 220 39 zekerheid.
2564 3558 112 36 Voor

1845 3611 192 43 sommige
2052 3608 145 36 takken
2212 3608 158 36 worden
2382 3609 67 35 die
2460 3608 208 46 bijdragen

1845 3659 249 46 afgehouden
2110 3671 53 35 op
2175 3660 68 36 het
2255 3660 106 36 volle
2373 3661 113 43 loon,
2502 3672 101 25 voor

1845 3711 146 36 andere
2004 3723 53 34 op
2067 3711 68 36 het
2146 3711 96 36 loon
2257 3718 61 29 tot
2327 3723 71 24 een
2411 3712 116 38 zeker

1840 3762 186 46 plafond.

1846 3814 65 45 Op
1925 3814 68 35 het
2005 3814 196 45 volledige
2213 3814 97 36 loon
2325 3814 127 36 wordt
2462 3814 252 45 afgehouden

1848 3878 99 24 voor
1967 3866 377 46 ziekteverzekering
2368 3866 144 44 (1,8%)
2538 3878 49 24 en

1839 3920 191 44 pensioen
2043 3917 198 36 arbeiders
2255 3917 118 43 (6%).

1846 3970 64 44 Op
1923 3980 70 24 een
2003 3968 283 46 geplafoneerd
2297 3969 97 36 loon
2409 3970 106 35 werd

1845 4027 205 38 totnogtoe
2063 4020 251 45 afgehouden
2329 4033 100 23 voor
2438 4021 145 38 ziekte-
2596 4033 49 23 en

1842 4075 568 45 invaliditeitsvergoedingen:
2422 4073 136 44 1,13%
2573 4086 100 24 voor

1840 4127 198 36 arbeiders
2050 4138 48 24 en
2110 4126 135 44 0,73%
2259 4138 101 24 voor
2368 4126 220 36 bedienden
2602 4133 61 29 tot

1843 4179 216 46 70.400fr.,
2075 4191 100 24 voor
2183 4179 476 45 bediendenpensioenen:

1839 4231 68 37 6%
1924 4239 60 28 tot
1993 4231 222 46 57.450fr.;
2228 4243 100 24 voor
2339 4231 307 36 werkloosheid:

1840 4283 130 43 1,20%
1988 4290 60 29 tot
2056 4283 202 46 34.750fr.

1839 4337 80 34 Die
1935 4336 144 35 laatste
2093 4342 95 28 twee
2194 4334 207 46 plafonds,
2418 4347 100 23 voor

1840 4387 404 45 bediendenpensioen
2259 4399 48 23 en
2322 4398 100 24 voor

2446 2308 230 48 Hervorming
2704 2307 78 40 S.Z.

2450 2386 27 27 in
2518 2384 55 35 zijn
2614 2383 366 35 gelegenheidstoespraak
3020 2382 44 27 zei

2449 2421 150 28 voorzitter
2622 2421 28 27 R.
2675 2421 33 27 Di
2709 2421 121 27 liemans
2851 2427 64 21 o.m.
2939 2421 48 27 het
3008 2420 45 27 vol­

2448 2460 108 34 gende:
2585 2459 70 32 „Het
2680 2459 110 34 budget
2815 2465 52 20 van
2893 2459 36 26 de
2954 2458 109 28 sociale

2448 2498 155 28 zekerheid
2627 2498 70 27 reikt
2720 2504 70 21 naar
2811 2498 36 26 de
2871 2498 54 26 900
2947 2497 114 34 miljard.

2450 2537 98 28 Indien
2568 2542 66 22 men
2655 2535 37 35 bij
2711 2536 36 27 de
2767 2535 154 34 besteding
2940 2535 124 28 daarvan

2449 2577 59 27 met
2527 2581 56 21 een
2603 2574 114 28 schone
2738 2573 36 28 lei
2793 2580 56 21 zou
2870 2573 115 27 kunnen
3007 2579 48 20 ver­

2450 2613 124 31 trekken,
2593 2614 55 26 wat
2662 2612 27 27 al
2705 2611 232 34 „onoplosbare"
2952 2611 101 34 proble­

2450 2657 66 21 men
2547 2650 116 28 zouden
2694 2649 59 28 niet
2782 2649 137 33 opgelost
2948 2649 116 27 kunnen

2450 2688 128 28 worden:
2601 2690 58 25 met
2679 2688 102 27 enkele
2802 2687 95 27 luttele
2918 2686 146 34 miljarden

2450 2727 57 27 kon
2532 2732 56 21 aan
2613 2726 54 27 alle
2684 2725 117 34 .Belgen
2827 2731 55 21 een
2907 2724 159 34 behoorlijk

2450 2763 247 28 levensminimum
2715 2763 115 27 worden
2848 2762 216 34 gewaarborgd,

2449 2808 56 21 aan
2520 2802 55 27 alle
2588 2801 233 34 gehandicapten
2835 2807 55 21 een
2904 2800 150 28 volwaardi­

2450 2847 38 27 ge
2529 2839 379 34 compensatievergoeding
2949 2839 116 27 worden

2451 2878 191 34 toegekend...
2672 2878 44 26 We
2741 2877 55 34 zijn
2822 2883 32 22 er
2877 2876 72 28 zelfs
2974 2876 28 27 in
3028 2876 37 27 de

2451 2916 169 34 welgedane
2639 2915 81 34 jaren
2743 2915 58 27 niet
2823 2915 122 34 volledig
2967 2915 27 27 in
3017 2921 37 27 ge­

2450 2955 104 34 slaagd
2569 2955 37 27 de
2622 2954 158 28 distributie
2796 2960 52 21 van
2865 2954 36 27 de
2917 2954 148 33 goederen

2450 3000 35 21 zo
2503 2995 26 25 te
2544 2992 139 28 schikken
2698 2993 49 27 dat
2760 2992 36 28 de
2810 2994 82 32 grote
2905 2992 110 27 sociale
3029 2998 36 21 en

2451 3031 138 28 culturele
2608 3030 221 35 ongelijkheden
2848 3036 36 21 en
2902 3030 37 27 de
2956 3036 99 21 armoe­

2451 3070 37 27 de
2508 3069 27 27 in
2554 3068 27 28 al
2598 3069 71 27 haar
2686 3074 115 22 vormen
2821 3068 113 27 werden
2954 3074 101 27 wegge­

2452 3108 92 27 werkt.
2567 3107 197 31 Gezondheid,
2784 3107 93 33 geluk,
2898 3106 113 28 cultuur
3028 3112 38 27 op

2450 3145 64 28 zich
2526 3145 54 34 zijn
2593 3145 58 27 niet
2663 3151 70 21 voor
2743 3144 196 33 herverdeling
2952 3144 117 27 vatbaar

494 1236 88 27 Aldus
609 1235 57 32 zijn
691 1234 47 33 wij
765 1241 76 18 weer
866 1240 66 19 eens
959 1232 33 30 in
1014 1239 53 18 een
1092 1231 97 26 nieuw
1214 1230 63 33 jaar
1302 1228 168 35 gewenteld.
1499 1229 105 33 Zuinig
1629 1236 36 18 en

493 1278 174 27 spaarzaam,
683 1270 77 26 zoals
774 1269 48 26 het
836 1269 29 25 in
878 1268 68 26 deze
959 1267 145 33 moeilijke
1115 1266 93 34 tijden
1220 1266 92 31 hoort,
1325 1266 61 26 niet
1398 1274 87 18 waar.
1499 1267 56 25 Het
1568 1266 24 25 is
1605 1266 60 25 niet

493 1308 50 26 dat
562 1315 30 18 er
611 1308 29 25 in
659 1306 35 26 de
713 1306 127 26 televisie
857 1304 62 27 veel
935 1311 57 19 van
1009 1305 28 24 te
1055 1303 118 26 merken
1189 1310 69 18 was:
1278 1301 102 27 zelden
1397 1301 55 27 heb
1471 1301 31 26 ik
1518 1309 53 18 een
1588 1301 77 33 jaar-

493 1349 141 28 overgang
652 1341 195 34 meegemaakt
864 1341 110 26 waarin
990 1340 49 25 het
1055 1338 137 33 huiselijk
1207 1338 94 33 kastje
1317 1337 97 27 zoveel
1430 1338 191 26 banaliteiten
1637 1339 29 24 te

493 1380 103 26 bieden
609 1378 63 26 had.
686 1379 43 25 En
740 1378 71 25 daar
821 1376 78 27 heeft
910 1376 35 26 de
956 1375 214 27 BRT-televisie
1181 1374 111 33 dapper
1303 1381 56 19 aan
1370 1373 184 33 meegedaan,
1565 1373 101 27 vooral

493 1424 37 25 op
559 1413 253 34 oudejaarsavond.
843 1414 55 25 Het
925 1412 94 33 begon
1046 1413 58 24 met
1131 1410 36 26 de
1195 1410 89 33 sjieke
1311 1410 176 32 presentatie
1514 1409 73 26 door
1613 1417 53 19 een

494 1450 242 33 omroepers-duo,
763 1449 78 26 zoals
867 1448 50 26 dat
942 1448 30 26 in
996 1447 36 26 de
1056 1447 81 25 beste
1161 1447 165 25 momenten
1350 1453 57 18 van
1432 1445 49 26 het
1505 1445 64 33 jaar
1595 1446 69 25 1953

494 1486 189 34 gebruikelijk
710 1493 67 18 was.
808 1485 57 25 Dat
892 1483 116 27 iemand
1035 1483 30 25 in
1096 1483 68 25 1980
1193 1487 58 27 nog
1278 1489 38 25 op
1344 1480 36 27 de
1408 1480 140 34 gedachte
1576 1480 88 32 komt,

494 1524 214 32 presentatoren
721 1529 56 18 aan
788 1528 52 19 een
852 1520 71 26 dure
934 1518 71 27 tafel
1017 1519 28 25 te
1057 1520 95 24 zetten
1163 1525 37 19 en
1211 1517 74 33 sjiek
1296 1519 29 24 te
1337 1517 75 26 doen
1423 1518 59 25 met
1493 1516 71 33 wijn
1575 1524 36 19 en
1622 1524 43 24 zo,

494 1566 46 18 om
565 1557 203 34 programma’s
792 1564 56 18 aan
871 1557 29 24 te
923 1554 152 33 kondigen,
1100 1553 51 26 dat
1174 1553 142 33 bevestigt
1339 1558 58 27 nog
1420 1560 82 18 maar
1524 1560 68 19 eens
1616 1552 50 26 dat

494 1593 178 27 Vlaanderen
690 1600 37 26 op
745 1592 62 26 veel
824 1590 140 35 gebieden
980 1590 67 33 diep
1064 1590 30 25 in
1110 1589 50 27 het
1176 1591 90 24 meest
1282 1590 102 25 naïeve
1401 1589 203 26 amateurisme
1620 1588 46 26 zal

493 1630 107 32 blijven
617 1629 98 26 steken
731 1635 36 19 en
781 1627 43 26 dit
839 1628 23 25 is
876 1634 32 19 er
921 1634 53 19 een
986 1633 65 19 van.
1067 1626 44 25 En
1124 1624 49 27 het
1188 1624 134 33 eindigde
1336 1625 59 25 met
1409 1624 36 26 de
1459 1624 103 26 Duitse
1577 1623 88 32 show,

494 1666 108 26 waarin
616 1664 98 27 vooral
728 1663 138 27 hotsende
879 1663 131 25 Duitsers
1023 1661 31 26 in
1066 1668 54 19 een
1132 1660 112 26 drukke
1257 1660 64 26 zaal
1334 1661 29 25 te
1375 1660 65 26 zien
1452 1667 105 19 waren.
1572 1660 56 26 Het
1642 1660 24 26 is

495 1701 47 32 mij
555 1701 58 25 niet
624 1699 112 27 bekend
747 1699 54 26 hoe
811 1698 115 27 iemand
936 1706 31 19 er
976 1698 57 27 ook
1043 1705 81 19 maar
1134 1705 57 19 aan
1201 1697 89 26 denkt
1301 1697 90 26 zoiets
1402 1697 31 25 in
1443 1704 53 18 een
1506 1695 161 33 feestelijke

494 1737 164 26 huiskamer
671 1738 28 24 te
710 1736 133 32 brengen.
857 1735 43 25 En
911 1733 99 27 vooral
1022 1733 58 26 dan
1091 1733 61 26 niet
1162 1732 41 33 bij
1217 1732 140 33 diegenen
1369 1732 47 26 die
1427 1739 38 26 op
1477 1732 51 26 dat
1540 1733 127 26 moment

494 1774 59 26 niet
569 1772 64 27 echt
650 1771 71 27 feest
737 1772 97 26 vieren
849 1778 36 19 en
901 1770 54 26 dus
970 1777 73 19 naar
1058 1769 36 26 de
1109 1768 130 27 televisie
1255 1768 106 33 kijken.

495 1810 42 24 De
561 1808 93 26 avond
675 1815 59 18 was
756 1806 148 33 overigens
925 1805 29 27 al
974 1804 183 28 bedroevend
1179 1805 112 32 ingezet
1312 1806 59 24 met
1393 1803 36 27 de
1450 1804 113 26 nieuwe
1584 1803 83 26 reeks

494 1844 171 32 verhaaltjes
692 1842 73 27 rond
793 1843 42 25 De
862 1840 234 33 Kolderbrigade.
1124 1841 45 25 Na
1195 1839 36 26 de
1257 1839 139 27 keiharde
1422 1839 107 26 kritiek
1554 1846 38 26 op
1618 1839 49 26 het

494 1879 175 27 onthutsend
686 1878 148 34 spektakel
849 1885 57 19 van
922 1877 36 26 de
973 1878 92 24 eerste
1080 1876 91 31 reeks,
1188 1883 60 18 was
1265 1875 142 33 duidelijk
1423 1882 53 19 een
1492 1875 176 32 inspanning

495 1915 110 34 gedaan
625 1922 47 18 om
692 1916 57 24 met
768 1921 52 19 een
838 1912 90 27 ander
945 1912 87 27 decor
1049 1920 37 18 en
1103 1911 100 26 milieu
1222 1911 114 32 (circus)
1356 1910 36 27 de
1411 1910 85 33 ploeg
1513 1912 59 24 wat
1590 1918 78 18 meer

458 1947 14 11 '
495 1951 123 33 armslag
630 1958 36 19 en
677 1949 153 27 misschien
841 1949 57 26 ook
908 1947 342 33 acteer-mogelijkheden
1260 1948 29 25 te
1300 1953 97 26 geven.
1411 1947 56 25 Het
1478 1945 98 27 mocht
1586 1945 82 34 bijna

495 1986 74 26 niets
581 1986 95 26 baten:
690 1985 48 26 het
750 1985 136 30 scenario,
897 1992 61 18 was
969 1991 33 18 zo
1013 1983 89 26 flauw
1113 1991 36 19 en
1159 1982 176 33 onbenullig,
1347 1982 36 26 de
1394 1981 134 33 dialogen
1538 1989 34 18 zo
1584 1983 82 29 stom,

495 2022 50 26 dat
561 2030 30 18 er
604 2022 105 32 weinig
722 2028 56 19 van
792 2022 28 24 te
834 2019 104 26 maken
951 2018 64 27 viel.
1032 2019 42 26 De
1090 2018 137 31 „humor”
1243 2020 91 24 moest
1349 2018 58 26 dan
1422 2017 56 26 ook
1493 2017 104 27 komen
1610 2025 58 18 van

495 2066 52 19 een
559 2058 30 26 of
600 2057 104 27 andere
714 2056 139 34 ingelaste
862 2055 101 28 sketch
971 2062 58 19 van
1038 2062 52 19 ons
1100 2054 136 33 populair
1245 2053 235 27 komieken-duo.
1492 2054 83 25 Maar
1584 2053 49 26 het
1643 2053 24 26 is

495 2100 56 27 erg,
568 2092 142 34 eigenlijk.

496 2130 42 26 En
554 2128 67 27 toch
634 2136 60 19 was
709 2135 31 19 er
753 2128 47 26 die
813 2126 95 28 avond
921 2127 53 26 één
986 2125 153 34 lichtpunt.
1155 2125 98 27 Onder
1266 2125 36 26 de
1315 2125 64 26 titel
1394 2124 211 34 „Allemachtig
1618 2125 50 26 dat

495 2166 63 33 jaar
588 2164 125 34 tachtig”
744 2171 60 19 was
834 2171 53 19 een
916 2164 134 31 montage
1080 2161 211 34 samengesteld
1320 2162 59 25 met
1409 2161 85 27 leuke
1524 2161 130 26 televisie­

496 2203 169 29 momenten,
680 2200 27 27 al
721 2200 31 26 of
763 2200 59 26 niet
833 2198 199 35 uitgezonden.
1046 2199 58 25 Dat
1115 2205 60 19 was
1187 2197 102 33 aardig
1300 2197 120 33 gedaan.
1433 2197 36 26 Al
1480 2196 86 27 bleek
1577 2197 44 27 uit
1633 2197 36 26 de

496 2245 64 19 zeer
578 2237 83 33 lange
680 2236 205 27 Amerikaanse
903 2234 253 33 filmfragmenten,
1175 2233 50 27 dat
1244 2233 36 26 de
1298 2234 151 32 inspiratie
1466 2233 61 26 niet
1545 2239 50 28 erg
1611 2233 58 33 rijk

495 2281 67 20 was.
580 2274 82 26 Maar
677 2273 74 30 kom,
768 2280 53 19 een
835 2270 189 33 vriendelijke
1039 2271 107 33 poging
1162 2270 47 26 die
1224 2270 48 33 wij
1290 2275 89 28 graag
1394 2269 172 33 toejuichen.

1538 2319 133 28 KIJKER

1781 2163 61 28 Ons
1856 2162 124 34 voorbije
1994 2162 212 27 Kerstnummer
2217 2159 61 35 (VM
2290 2166 39 20 nr.
2344 2159 47 27 49-

1781 2201 46 35 50)
1846 2201 88 28 stond
1952 2206 70 22 voor
2038 2206 55 21 een
2111 2201 85 33 groot
2212 2198 68 28 stuk
2296 2198 27 27 in
2343 2198 49 27 het

1782 2240 83 28 teken
1887 2246 52 21 van
1959 2239 37 27 de
2015 2237 114 29 Sociale
2147 2236 163 28 Zekerheid.
2333 2235 57 28 Eén

1782 2285 52 21 van
1850 2279 37 27 de
1903 2279 80 33 grote
2001 2277 107 27 kwalen
2125 2282 130 21 waaraan
2272 2275 40 27 dit
2326 2275 54 27 stel­

1781 2317 43 27 sel
1847 2316 58 35 lijdt
1926 2316 24 27 is
1973 2316 36 27 de
2032 2314 179 35 gaandeweg
2234 2312 157 35 gegroeide

1782 2353 254 36 ingewikkeldheid
2080 2358 36 22 en
2162 2350 218 34 ondoorzichtig­

1782 2393 73 28 heid.
1873 2392 27 27 In
1916 2391 95 35 België
2026 2392 96 26 neemt
2134 2396 66 21 men
2214 2389 27 27 al
2254 2388 67 34 lang
2335 2388 58 27 niet

1782 2437 79 21 meer
1875 2430 35 27 de
1927 2429 106 34 nodige
2049 2428 48 34 tijd
2112 2433 47 22 om
2175 2432 136 28 vroegere
2328 2428 54 25 wet­

1783 2472 46 24 ten
1858 2474 36 21 en
1922 2466 140 29 besluiten
2090 2464 195 35 uitdrukkelijk
2310 2464 30 27 af
2365 2466 27 25 te

1781 2506 141 28 schaffen.
1942 2505 48 28 Als
2009 2504 103 35 gevolg
2132 2503 123 28 daarvan
2276 2504 115 26 moeten

1782 2551 32 21 er
1841 2545 83 26 thans
1951 2549 70 21 naar
2045 2542 144 33 schatting
2216 2547 59 27 nog
2301 2542 93 25 zowat

1783 2582 81 28 2.000
1892 2588 16 21 a
1937 2581 81 28 3.000
2046 2582 110 29 wetten,
2185 2579 142 27 besluiten
2355 2584 37 21 en

1783 2621 194 34 reglementen
1992 2619 100 27 inzake
2106 2618 110 28 sociale
2231 2617 160 31 zekerheid,

1782 2659 28 27 in
1826 2659 87 27 ruime
1925 2658 52 31 zin,
1993 2663 51 22 van
2058 2656 151 34 mogelijke
2223 2655 170 34 toepassing

1782 2697 61 34 zijn.
1860 2696 56 28 Eén
1930 2698 81 32 grote
2023 2695 92 28 chaos
2127 2695 62 32 dus,
2203 2694 38 34 bij
2251 2693 93 34 stukje
2356 2700 36 21 en

1783 2735 93 35 beetje
1893 2734 145 35 gegroeid.

1784 2773 78 28 Onze
1880 2772 108 28 sociale
2005 2771 154 28 zekerheid
2176 2770 69 34 blijft
2262 2770 131 27 intussen

1783 2811 192 35 ongetwijfeld
2000 2811 36 26 de
2062 2811 129 33 grootste
2217 2808 176 33 naoorlogse

1783 2850 109 27 sociale
1913 2847 240 35 verwezenlijking
2173 2846 27 28 in
2223 2846 171 28 West-Euro-

1783 2894 45 28 pa.
1861 2887 38 34 Zij
1929 2887 77 27 heeft
2035 2892 92 28 ganse
2158 2885 84 34 lagen
2274 2890 52 21 van
2357 2884 37 26 de

1784 2925 150 34 bevolking
1978 2924 116 28 behoed
2137 2929 70 21 voor
2248 2922 145 31 armoede,

1784 2964 110 27 slechte
1917 2962 165 34 verzorging
2103 2967 36 22 en
2160 2960 175 35 psychische
2357 2959 27 27 el­

1785 3002 91 27 lende.
1897 3001 73 27 Haar
1987 2998 223 35 doelmatigheid
2228 2998 90 28 wordt
2336 3004 46 21 mo­

1785 3039 123 28 menteel
1918 3039 100 27 echter
2028 3038 109 27 terecht
2147 3037 27 27 in
2186 3042 84 28 vraag
2281 3036 115 34 gesteld

1784 3085 37 21 en
1852 3077 151 27 financieel
2032 3076 24 27 is
2085 3075 35 35 zij
2149 3081 55 21 aan
2235 3081 55 21 een
2322 3080 73 21 ware

1785 3114 264 35 reddingsoperatie
2064 3116 54 25 toe.
2135 3113 52 28 Om
2202 3119 70 21 voor
2283 3112 27 28 al
2323 3112 72 27 deze

1784 3155 82 27 sinds
1883 3154 65 33 lang
1965 3152 132 35 gekende
2112 3152 169 33 problemen
2299 3151 85 33 oplos
2386 3164 9 5 ¬

3109 993 37 21 en
3176 987 37 26 de
3241 989 76 24 staat
3345 988 79 25 moet
3452 986 37 27 de
3518 992 121 20 mensen
3669 986 58 26 niet

3109 1024 135 35 gelukkig
3267 1024 103 27 maken
3394 1023 31 28 of
3444 1024 122 33 gezond.
3592 1024 78 26 Maar
3690 1024 36 27 de

3109 1063 247 34 georganiseerde
3382 1062 198 34 samenleving
3607 1062 55 27 kan
3690 1063 36 26 de

3110 1101 130 27 factoren
3255 1101 152 33 scheppen
3423 1100 46 27 die
3485 1100 241 34 geluksbevorde-

3110 1139 72 28 rend
3198 1139 54 28 ziin
3269 1145 37 22 en
3323 1138 40 28 dit
3378 1138 27 28 in
3422 1145 35 21 zo
3474 1141 85 31 groot
3574 1138 152 34 mogelijke

3109 1177 155 34 gelijkheid
3288 1183 52 21 van
3365 1177 118 27 kansen.
3512 1177 55 27 Van
3591 1176 136 35 dergelijk

3110 1216 96 27 beleid
3221 1216 24 27 is
3261 1215 37 28 de
3314 1215 111 28 sociale
3441 1215 154 27 zekerheid
3610 1215 37 27 de
3664 1222 62 27 rug-

3109 1253 146 35 gegraat".

3110 1301 161 36 Belangrijk
3303 1301 24 28 is
3361 1301 49 27 dat
3442 1301 36 27 de
3512 1299 213 34 inspanningen

3109 1343 116 26 moeten
3250 1340 102 34 gezien
3376 1339 116 28 worden
3517 1338 26 27 in
3568 1339 48 26 het
3640 1338 88 27 kader

3110 1385 52 21 van
3181 1385 55 21 een
3253 1378 152 34 algemene
3423 1376 180 34 hervorming
3620 1382 52 21 van
3690 1376 36 27 de

3108 1417 111 28 sociale
3235 1415 161 29 zekerheid.

3112 1466 28 28 R.
3166 1466 166 27 Dillemans:
3352 1466 72 32 „Het
3443 1465 137 34 ogenblik
3600 1472 52 20 van
3673 1471 54 21 een

3112 1504 128 28 recessie
3257 1504 24 27 is
3297 1504 102 27 steeds
3416 1504 78 33 goed
3510 1504 132 33 gekozen
3660 1510 70 21 voor

3111 1549 56 21 een
3197 1543 116 34 globale
3343 1542 178 33 herdenking
3551 1548 36 20 en
3617 1542 103 27 hervor­

3112 1581 85 34 ming.
3215 1580 162 28 Soberheid
3390 1580 70 28 doet
3473 1580 162 32 nadenken,
3651 1586 79 21 meer

3112 1620 57 26 dan
3187 1619 91 28 luxe".

3112 1668 41 27 De
3174 1667 209 34 vraagstukken
3404 1666 47 28 die
3470 1666 63 27 zich
3554 1666 27 26 in
3602 1666 49 27 dat
3671 1672 47 21 ver­

3111 1706 79 28 band
3209 1705 164 28 aandienen
3392 1705 54 34 zijn
3465 1705 149 34 bijzonder
3632 1704 93 35 talrijk.

3111 1757 58 28 Een
3191 1762 90 29 greep
3302 1755 39 28 uit
3361 1755 36 27 de
3418 1754 72 28 vele:
3510 1754 50 27 het
3577 1753 150 34 probleem

3111 1801 53 21 van
3182 1795 49 26 het
3246 1792 332 34 financieringssysteem
3595 1793 58 25 met
3668 1791 59 27 drie

3111 1833 198 35 (werkgevers,
3324 1831 199 31 werknemers,
3535 1829 94 34 staat),
3643 1829 48 27 het
3702 1829 26 27 al

3111 1872 57 27 dan
3191 1871 58 27 niet
3270 1870 157 27 behouden
3450 1875 52 21 van
3525 1868 36 27 de
3584 1867 143 33 verdeling

3112 1909 121 34 volgens
3257 1908 37 27 de
3317 1907 60 28 drie
3400 1907 266 33 beroepsgroepen,
3692 1905 36 27 de

3111 1947 151 28 eventuele
3287 1945 148 34 integratie
3460 1951 52 21 van
3537 1944 36 27 de
3597 1942 121 29 verschil­

3112 1985 85 29 lende
3210 1986 119 26 soorten
3344 1990 52 21 van
3411 1982 317 34 ongeschiktheidsver-

3112 2023 136 34 goeding,
3263 2023 37 27 de
3314 2021 154 28 cumulatie
3482 2027 53 21 van
3549 2019 169 28 verscheide­

3112 2068 37 21 ne
3165 2060 223 35 vergoedingen,
3404 2060 36 27 de
3454 2058 154 28 cumulatie
3622 2060 58 25 met
3693 2058 36 26 de

3113 2098 262 35 beroepsactiviteit
3400 2098 32 28 of
3455 2099 58 26 met
3538 2097 49 27 het
3611 2095 120 35 gebruik

3113 2145 53 20 van
3190 2137 167 28 collectieve
3380 2136 133 28 diensten
3536 2141 37 21 en
3596 2134 122 28 instellin­

3113 2182 66 28 gen,
3202 2176 36 27 de
3261 2174 203 29 voorwaarden
3488 2180 70 21 voor
3583 2173 37 27 de
3642 2172 76 27 werk­

3114 2212 338 35 loosheidsvergoeding,
3492 2212 50 27 het
3579 2210 153 34 vraagstuk

3114 2259 53 21 van
3192 2252 37 28 de
3254 2250 232 35 „privatisering"
3511 2255 52 22 van
3587 2248 143 34 sommige

3114 2290 120 32 risico's,
3249 2289 36 28 de
3299 2288 151 29 eventuele
3463 2286 151 35 opheffing
3628 2292 52 22 van
3694 2286 36 27 de

3114 2327 166 35 bijzondere
3301 2326 117 29 stelsels
3440 2332 71 21 voor
3530 2325 199 34 mijnwerkers,

3114 2371 202 28 spoorwegen,
3336 2370 90 26 enz...,
3446 2364 36 27 de
3501 2362 230 29 decentralisatie

3116 2410 52 21 van
3183 2403 144 34 sommige
3341 2402 142 31 diensten,
3498 2401 49 28 het
3559 2401 106 33 belang
3679 2407 51 20 van

3115 2443 50 27 het
3182 2440 252 35 gezinscriterium,
3453 2440 37 27 de
3508 2439 114 27 minima
3641 2445 36 20 en
3695 2439 36 26 de

3115 2486 135 28 grenzen,
3269 2479 49 27 het
3333 2478 153 34 vraagstuk
3501 2484 52 21 van
3570 2478 49 26 het
3633 2476 100 28 fiscaal

3116 2518 132 28 belasten
3279 2524 53 21 van
3363 2517 36 27 de
3430 2516 224 34 vergoedingen,
3685 2515 48 27 het

3117 2557 80 27 recht
3213 2562 39 28 op
3268 2556 49 27 het
3331 2554 210 36 gewaarborgd
3555 2554 167 27 levensmini­

3116 2602 87 25 mum,
3219 2595 49 27 het
3280 2594 26 28 al
3319 2594 56 28 dan
3389 2593 59 28 niet
3460 2593 157 28 behouden
3631 2598 52 21 van
3697 2592 35 27 de

3116 2633 211 34 geneeskunde
3343 2638 53 28 per
3408 2631 145 34 prestatie,
3571 2631 36 27 de
3622 2630 99 28 harmo­

3116 2671 128 34 nisering
3270 2677 53 21 van
3349 2670 37 28 de
3409 2669 184 35 pensioenen
3619 2675 52 21 van
3698 2668 35 27 de

3117 2709 149 34 openbare
3284 2708 142 32 diensten,
3444 2714 80 21 enz...

3118 2762 45 28 Dit
3182 2762 72 28 alles
3275 2763 207 27 veronderstelt
3501 2769 55 21 een
3576 2763 157 33 specifieke

3117 2800 241 34 deskundigheid.
3396 2801 128 27 Vandaar
3556 2801 49 27 dat
3637 2801 27 27 in
3698 2801 36 27 de

3117 2838 174 28 Commissie
3310 2844 55 21 een
3384 2839 109 33 beroep
3512 2839 115 33 gedaan
3647 2839 88 27 wordt

3117 2883 39 27 op
3171 2877 195 33 specialisten,
3383 2877 46 27 die
3445 2877 36 27 de
3497 2877 57 27 hen
3570 2877 164 34 opgelegde

3118 2915 66 27 taak
3199 2915 128 27 evenwel
3343 2914 105 28 dienen
3465 2914 41 29 uit
3521 2917 27 25 te
3565 2915 125 28 oefenen
3707 2915 26 27 in

3118 2953 104 27 levend
3237 2955 119 26 contact
3372 2955 59 26 met
3447 2954 37 27 de
3500 2954 110 27 sociale
3628 2956 97 25 verant­

3118 2991 203 34 woordelijken
3338 2998 37 20 en
3391 2992 270 32 parlementsleden.

2457 4964 29 28 In
2497 4962 51 37 juli
2560 4970 41 23 en
2612 4966 159 34 augustus
2781 4963 181 36 wekelijkse

2455 5002 138 31 afreizen

3119 4960 466 40 Inlichtingen-lnschrijvingen

3119 5000 231 32 K.W.B.-K.A.V.

3119 5041 366 35 Lourdesbedevaarten,
3499 5044 166 29 Wetstraat

3119 5080 169 31 103-1040
3300 5081 175 31 BRUSSEL

3117 5122 58 29 Tel.
3188 5121 226 32 02-735.60.50.

2446 1806 102 33 singen
2577 1805 39 27 uit
2642 1807 27 24 te
2696 1804 138 27 dokteren
2862 1803 24 27 is
2912 1802 82 27 sinds
3022 1802 36 27 22

2447 1843 156 28 december
2614 1842 27 35 jl.
2658 1848 55 21 een
2730 1840 172 35 Koninklijke
2919 1840 127 28 Commis­

2446 1882 43 28 sie
2506 1881 123 28 officieel
2645 1879 202 35 geïnstalleerd
2863 1881 60 30 „ter
2939 1878 106 28 voorbe­

2447 1919 108 34 reiding
2570 1925 51 21 van
2636 1918 36 27 de
2686 1917 194 34 codificering,
2895 1917 37 26 de
2946 1917 99 27 harmo­

2447 1957 124 34 nisering
2585 1963 36 21 en
2634 1956 36 27 de
2683 1954 259 35 vereenvoudiging
2955 1960 52 22 van
3020 1954 37 27 de

2446 1995 109 28 sociale
2572 1993 152 29 zekerheid
2739 1993 27 27 in
2783 1993 49 27 het
2847 1993 89 27 kader
2951 1999 52 21 van
3020 1992 37 27 de

2446 2034 151 33 algemene
2618 2031 177 34 hervorming
2816 2037 52 21 van
2888 2030 46 27 die
2954 2033 92 31 wetge­

2447 2070 91 35 ving."
2552 2071 73 27 Haar
2635 2070 184 33 eindrapport
2830 2070 79 26 moet
2921 2068 125 28 uiteinde­

2447 2109 46 35 lijk
2504 2115 39 27 op
2555 2109 32 27 31
2603 2108 155 28 december
2771 2107 70 27 1982
2853 2106 37 35 bij
2901 2107 36 27 de
2952 2107 94 33 Wetge­

2448 2147 91 28 vende
2571 2147 115 27 Kamers
2715 2152 36 21 en
2782 2145 37 35 bij
2848 2145 37 27 de
2916 2144 141 35 Regering

2447 2185 155 35 ingediend
2619 2184 121 28 worden.

1108 2773 67 24 door
1191 2779 49 18 een
1256 2771 74 25 sterk
1345 2769 160 33 opvallende
1522 2769 129 30 signalisa­

1107 2807 46 29 tie,
1166 2806 43 25 die
1221 2806 33 25 de
1265 2803 256 33 wagenbestuurder
1532 2802 133 31 verplicht

1108 2848 50 18 een
1179 2837 269 28 maximumsnelheid
1468 2844 54 18 van
1543 2837 31 24 25
1596 2842 16 18 a
1633 2836 31 24 30

1109 2873 92 27 km./u.
1227 2875 28 23 te
1278 2871 176 32 eerbiedigen.
1481 2871 41 24 De
1545 2869 121 31 drempel

1108 2908 74 31 blijft
1198 2906 118 26 evenwel
1331 2913 50 17 een
1396 2904 121 32 symbool
1532 2910 67 18 voor
1614 2903 52 25 alle

1108 2938 299 33 verkeersvertragende
1454 2937 71 26 doch
1571 2936 95 31 veilig-

1109 2972 276 28 heidsbevorderende
1400 2971 212 26 hindernissen”.

1109 3020 71 25 Toch
1190 3026 99 23 vragen
1297 3018 44 30 wij
1350 3026 49 18 ons
1408 3017 29 25 af
1444 3016 28 26 of
1481 3016 33 25 de

1110 3052 263 31 gemeentebesturen
1382 3051 43 25 die
1433 3049 171 30 uiteindelijk

1110 3095 63 17 over
1181 3086 45 25 het
1235 3086 170 29 aanbrengen
1412 3092 53 17 van
1474 3083 33 25 de
1515 3082 133 31 drempels

1110 3123 105 22 moeten
1223 3119 130 25 beslissen
1360 3132 33 5 —
1399 3126 34 16 en
1441 3117 43 26 die
1492 3116 63 25 toch
1563 3116 53 25 ook
1624 3116 26 25 al

1110 3162 31 16 zo
1152 3154 67 29 krap
1228 3153 36 29 bij
1275 3152 47 25 kas
1331 3152 92 24 zitten!
1433 3151 94 24 —niet

1110 3186 162 31 argwanend
1281 3194 33 16 en
1323 3184 65 26 zelfs
1396 3184 190 30 weigerachtig

1111 3220 87 26 zullen
1207 3223 78 21 staan
1293 3223 142 26 tegenover
1443 3218 39 25 dit
1491 3217 117 31 project?

1112 3263 29 23 R.
1157 3262 72 24 Poté:
1245 3262 75 29 „Wat
1334 3260 47 25 dat
1393 3260 100 25 betreft
1506 3260 110 25 kunnen
1628 3267 42 17 we

1112 3295 88 25 alleen
1211 3302 76 17 maar
1297 3295 95 31 hopen.
1404 3294 56 25 Wel
1471 3294 99 30 kregen
1579 3293 45 31 wij
1636 3294 34 24 de

1113 3329 156 31 toezegging
1280 3335 54 18 van
1345 3328 122 24 minister
1480 3327 78 25 Galle
1571 3327 47 24 dat
1631 3327 37 30 hij

1113 3363 33 24 de
1162 3362 293 30 Gemeentebudgetten
1470 3368 66 18 voor
1551 3360 33 25 de
1601 3361 54 28 „Ac­

1113 3397 37 24 tie
1164 3395 163 32 Schildpad”
1341 3402 51 18 zou
1404 3401 158 24 aanpassen,
1575 3394 95 25 buiten

1113 3430 33 24 de
1166 3429 120 25 normale
1305 3429 198 30 aanpassingen
1521 3435 34 17 en
1574 3428 82 30 begro­

1113 3463 242 31 tingswijzigingen
1382 3469 50 17 om.
1461 3462 54 24 Dat
1541 3461 130 25 initiatief

1113 3498 71 22 moet
1198 3496 34 25 de
1245 3495 265 32 gemeentebesturen
1523 3495 63 24 toch
1600 3494 70 25 doen

1114 3531 88 24 inzien
1226 3529 46 25 dat
1295 3530 54 24 wat
1373 3528 88 25 straks
1484 3528 185 31 organisaties,

1114 3564 191 31 groeperingen
1321 3570 34 18 en
1370 3561 204 25 buurtcomité’s
1590 3561 67 25 aller­

1114 3597 88 25 hande
1213 3597 89 24 zullen
1311 3595 162 26 voorstellen
1483 3602 109 18 menens
1603 3596 23 24 is
1637 3602 34 18 en

1113 3630 139 31 werkelijk
1268 3630 54 25 kan
1336 3629 156 31 uitgevoerd
1506 3629 117 25 worden.
1640 3630 31 23 In

1114 3665 33 25 de
1162 3664 248 30 TV-uitzendingen
1424 3663 42 25 zal
1480 3663 59 26 hier
1552 3669 54 25 nog
1619 3663 52 25 wel

1114 3706 35 23 op
1164 3698 143 31 gehamerd
1321 3697 117 25 worden.

1115 3737 110 30 Daarbij
1240 3736 73 25 komt
1324 3741 53 26 nog
1388 3736 47 24 dat
1446 3743 49 17 een
1505 3737 164 23 woonstraat

1114 3771 73 25 zoals
1201 3770 115 25 bedoeld
1329 3771 29 24 in
1371 3769 34 25 de
1419 3770 108 30 „Actie”
1543 3769 60 25 heel
1616 3771 54 23 wat

1114 3805 105 25 minder
1253 3804 61 25 kost
1348 3810 53 18 aan
1435 3802 235 30 verkeersborden,

1115 3838 255 31 straatwijzigingen
1390 3844 56 18 enz.
1467 3837 54 25 dan
1540 3836 34 25 de
1592 3843 66 25 zoge­

1114 3871 115 26 naamde
1242 3870 185 27 woonerven.”

1116 3921 77 25 Actie
1202 3920 148 31 Schildpad
1358 3920 69 25 richt
1436 3920 59 25 zich
1502 3920 93 25 vooral
1604 3923 40 22 tot

1117 3955 32 24 de
1158 3954 133 30 jongeren.
1301 3954 71 25 Toch
1380 3954 45 25 wil
1434 3962 60 16 men
1503 3954 52 24 ook
1563 3953 33 25 de

1116 3988 164 25 volwassene
1290 3987 36 30 bij
1337 3987 44 25 het
1390 3987 102 31 project
1500 3987 155 25 betrekken.

1116 4022 90 25 Welke
1216 4021 39 25 rol
1265 4021 105 25 hebben
1379 4021 32 25 de
1420 4024 74 27 grote
1503 4029 110 16 mensen

1117 4055 53 24 dan
1179 4055 27 25 in
1215 4055 32 25 de
1256 4055 103 24 nieuwe
1367 4054 91 25 Actie?

1117 4105 28 24 R.
1162 4104 72 24 Poté:
1251 4104 56 29 „De
1322 4103 69 26 actie
1404 4104 63 30 gaat
1481 4109 82 18 ervan
1576 4103 48 29 uit,
1640 4102 33 25 de

1116 4138 81 31 jeugd
1212 4145 58 17 mee
1285 4139 27 23 te
1327 4137 73 24 laten
1415 4136 131 25 beslissen
1562 4143 63 21 over
1640 4136 33 25 de

1117 4172 76 30 eigen
1207 4171 91 31 nabije
1311 4171 148 31 omgeving,
1474 4177 63 17 over
1550 4170 33 24 de
1596 4170 78 31 eigen

1117 4206 91 23 straat.
1226 4205 40 24 De
1280 4204 184 25 volwassenen
1478 4204 92 24 echter
1582 4218 33 4 —
1628 4210 31 24 ge­

1117 4238 170 31 organiseerd
1303 4238 115 29 (denken
1432 4245 40 17 we
1486 4245 76 17 maar
1574 4244 52 18 aan
1640 4237 34 25 de

1117 4271 169 32 plaatselijke
1302 4271 256 31 KWB-afdelingen)
1574 4270 29 25 of
1617 4271 57 24 niet

1117 4305 203 32 georganiseerd
1338 4319 32 4 —
1386 4304 105 25 hebben
1508 4304 40 25 als
1565 4304 65 25 taak
1647 4306 27 23 te

1117 4338 183 30 coördineren;
1315 4338 33 25 de
1360 4344 127 25 jongeren
1499 4338 57 24 hun
1567 4338 93 25 verlan­

1117 4379 64 24 gens
1198 4380 34 17 en
1248 4379 107 18 wensen
1372 4379 102 24 nopens
1492 4373 168 23 staatveran­

1117 4406 128 31 deringen
1268 4407 27 23 te
1318 4405 98 32 helpen
1438 4404 184 30 verwoorden;
1647 4406 27 23 te

1117 4445 97 25 zorgen
1237 4439 47 24 dat
1305 4439 33 24 de
1358 4438 163 25 voorstellen
1542 4438 76 31 langs
1640 4438 34 25 de

1116 4473 81 31 juiste
1219 4478 58 25 weg
1297 4472 37 31 bij
1357 4472 45 24 het
1424 4472 251 31 gemeentebestuur

1117 4506 102 25 terecht
1232 4506 103 29 komen,
1348 4513 33 17 en
1392 4505 127 25 tenslotte
1530 4513 29 17 er
1569 4513 66 17 voor
1646 4506 28 24 in

1117 4542 27 22 te
1161 4542 78 23 staan
1255 4540 47 24 dat
1319 4540 33 24 de
1369 4539 191 31 spontaneïteit
1577 4546 35 18 en
1628 4539 45 25 het

1118 4574 81 25 actief
1210 4574 138 25 idealisme
1358 4573 47 24 dat
1415 4573 34 24 de
1457 4573 129 31 jongeren
1595 4574 29 24 in
1634 4573 40 24 dit

1118 4607 102 32 project
1232 4615 52 17 aan
1295 4607 34 25 de
1339 4607 53 31 dag
1402 4609 106 23 moeten
1519 4614 34 18 en
1564 4607 110 24 kunnen

1118 4641 100 31 leggen,
1233 4642 55 24 niet
1300 4641 110 24 worden
1421 4640 174 31 weggedrukt
1607 4641 67 25 door

1118 4675 210 32 partijpolitieke
1342 4675 227 31 overtuigingen”.

1120 4727 139 40 LOON
1286 4727 141 39 NAAR
1449 4724 221 40 WERKEN

1121 4776 39 23 De
1183 4776 86 23 eerste
1290 4773 157 31 uitzending
1468 4780 54 17 van
1543 4773 34 25 de
1599 4772 77 25 reeks

1121 4809 91 29 „Loon
1234 4815 67 18 naar
1322 4807 140 25 Werken?”
1487 4807 105 30 (Dienst
1613 4806 50 25 Vol­

1120 4841 227 31 wassenvorming
1379 4854 12 5 -
1424 4841 76 31 Open
1533 4840 98 25 School
1664 4853 13 5 -

1120 4875 100 30 B.R.T.)
1237 4874 146 25 behandelt
1400 4873 33 25 de
1451 4874 156 30 problemen
1624 4881 53 17 van

1120 4909 34 25 de
1165 4908 133 25 werkloze
1308 4915 99 18 vrouw.
1420 4908 49 31 Wij
1482 4908 73 25 laten
1566 4913 66 25 gans
1644 4907 33 25 de

1120 4942 157 31 uitzending
1295 4942 45 25 het
1358 4941 92 26 woord
1468 4948 53 19 aan
1539 4941 70 30 Lisa,
1628 4948 50 18 een

1120 4976 132 26 werkloze
1266 4983 99 17 vrouw.

1121 5011 71 24 Deze
1206 5009 156 31 uitzending
1376 5009 74 25 komt
1465 5016 35 24 op
1514 5017 44 17 uw
1573 5009 105 25 scherm

1120 5052 36 24 op
1167 5043 104 31 vrijdag
1282 5045 14 22 9
1307 5043 105 30 januari
1423 5051 43 17 om
1478 5044 73 23 18.30
1562 5050 25 17 u.
1599 5050 33 17 en
1643 5050 34 24 op

1121 5077 127 30 zaterdag
1264 5078 30 23 10
1310 5076 105 30 januari
1431 5085 44 16 om
1491 5077 30 24 15
1538 5084 25 17 u.

1121 5112 40 24 De
1174 5111 190 31 begeleidende
1377 5110 234 32 radiouitzending
1623 5110 55 24 kan

1121 5153 60 17 men
1208 5145 163 25 beluisteren
1398 5151 35 24 op
1461 5143 156 30 donderdag
1646 5144 31 24 15

1121 5178 105 31 januari
1241 5186 44 17 om
1301 5179 74 24 21.30
1391 5185 25 18 u.

499 2776 54 24 Nee
567 2775 71 29 hoor,
651 2774 77 25 Actie
742 2773 148 31 Schildpad
902 2772 72 32 heeft
985 2774 70 24 niets

500 2812 26 21 te
536 2809 96 24 maken
643 2811 53 22 met
706 2808 32 25 de
748 2810 74 28 trage
830 2814 70 24 gang
908 2813 53 18 van
970 2806 86 25 zaken

500 2844 27 22 in
559 2843 47 24 één
638 2841 30 31 of
695 2841 98 24 andere
825 2840 230 25 administratieve

500 2876 97 26 dienst!
610 2876 77 25 Actie
701 2874 147 31 Schildpad
860 2877 72 21 staat
944 2881 111 24 gewoon

499 2917 65 18 voor
584 2916 48 18 een
652 2910 89 23 nieuw
760 2908 228 31 verkeersproject
1008 2907 47 25 dat

500 2946 125 22 ontstaan
639 2943 23 24 is
677 2943 27 24 in
718 2942 32 24 de
762 2942 94 24 schoot
869 2948 52 18 van
935 2941 32 24 de
981 2942 72 28 BRT,

500 2977 87 24 dienst
599 2976 281 31 jeugdprogramma’s,
896 2975 43 24 die
953 2975 103 24 hiertoe

500 3018 47 18 een
563 3010 155 31 werkgroep
732 3013 55 21 met
800 3009 124 25 allemaal
939 3009 104 24 deskun­

500 3045 79 30 digen
598 3051 32 18 en
650 3043 151 31 bevoegden
819 3042 71 31 heeft
908 3042 146 31 opgericht,

500 3082 44 23 ten
560 3078 78 25 einde
652 3077 45 25 het
710 3077 103 31 project
827 3083 52 24 nog
892 3083 66 17 voor
973 3076 39 25 ’82
1027 3076 29 24 in

499 3112 150 30 uitvoering
669 3114 25 22 te
714 3110 121 31 brengen.
853 3110 78 24 Actie
951 3109 93 25 Schild­

499 3145 55 32 pad
570 3145 62 25 doet
647 3144 49 25 dus
712 3145 27 23 in
755 3144 32 24 de
803 3146 85 22 eerste
902 3143 89 31 plaats
1007 3150 49 17 een

500 3186 99 25 oproep
614 3181 39 22 tot
667 3178 31 24 de
709 3178 129 31 jongeren
851 3184 44 17 om
907 3176 60 25 zich
979 3183 65 24 geza­

500 3212 110 31 menlijk
622 3212 28 24 in
661 3214 26 22 te
697 3214 88 22 zetten
796 3211 33 24 de
839 3213 86 22 straat
935 3217 71 17 weer
1016 3210 39 24 als

500 3245 61 33 leef-
576 3253 32 17 en
620 3245 171 31 speelruimte
804 3247 25 21 te
842 3244 68 24 doen
922 3243 123 25 herwaar­

500 3279 87 25 deren.
601 3279 52 24 Het
663 3278 66 24 kind
740 3277 71 32 heeft
822 3277 32 25 de
864 3280 86 22 straat
961 3277 83 24 brood­

500 3313 81 30 nodig
593 3319 43 17 om
647 3312 59 25 zich
718 3315 25 21 te
755 3312 108 24 kunnen
875 3311 124 28 uitleven,
1012 3318 44 17 om

500 3346 114 31 zichzelf
625 3349 26 21 te
666 3345 153 25 ontdekken
833 3352 92 17 samen
939 3347 56 22 met
1009 3352 35 17 an­

500 3381 62 25 dere
580 3380 129 25 kinderen
725 3380 41 24 uit
783 3379 32 24 de
834 3378 85 25 buurt.
938 3379 119 24 Daarom

500 3414 74 25 werd
589 3413 111 32 gezocht
713 3420 67 17 naar
794 3420 49 17 een
857 3412 117 31 afdoend
987 3412 58 26 mid­

501 3448 42 26 del
560 3448 46 25 dat
620 3455 28 17 er
662 3450 85 21 moest
760 3454 65 17 voor
838 3453 98 24 zorgen
950 3446 48 24 dat
1011 3446 46 24 het

500 3481 92 32 spelen
603 3488 34 24 op
646 3483 86 23 straat
742 3483 76 29 terug
828 3479 125 32 mogelijk
964 3479 81 25 maak­

501 3519 32 26 te,
562 3516 46 24 dat
632 3515 32 24 de
688 3517 86 22 straat
798 3514 124 30 opnieuw
946 3513 112 31 veiliger

500 3548 160 29 uitbouwde,
688 3555 33 17 en
746 3548 47 24 dat
816 3547 59 25 elke
899 3549 86 23 straat
1010 3554 34 23 op­

501 3583 88 24 nieuw
602 3582 65 24 haar
679 3581 60 31 leef-
752 3589 33 16 en
796 3580 181 31 woonfunctie
989 3580 68 24 deed

501 3617 161 24 herwinnen.

503 3649 95 29 Welnu,
616 3649 33 25 de
663 3648 136 31 oplossing
812 3647 74 25 werd
899 3647 112 31 gezocht
1024 3654 33 17 en

501 3682 137 32 gevonden
659 3682 27 25 in
707 3682 44 24 het
771 3684 76 28 traag
866 3680 117 25 verkeer.
1005 3681 53 23 Het

499 3717 122 31 principe
647 3715 89 25 berust
759 3721 34 24 op
818 3714 46 25 het
887 3713 170 31 aanbrengen

501 3757 52 18 van
578 3749 185 24 hindernissen
788 3748 43 24 die
854 3755 29 18 er
906 3747 63 31 borg
992 3754 66 17 voor

500 3786 78 22 staan
591 3783 46 24 dat
650 3782 32 24 de
693 3781 122 26 snelheid
826 3788 52 17 van
891 3780 46 25 het
947 3780 112 25 verkeer

501 3816 86 25 wordt
599 3815 141 32 afgeremd.
753 3816 40 23 En
803 3822 32 17 zo
847 3818 25 21 te
882 3815 60 24 zien
953 3814 61 31 lijkt
1024 3815 33 24 de

501 3849 232 31 verwezenlijking
750 3849 111 24 hiervan
876 3849 50 30 vrij
943 3855 103 18 eenvou­

502 3884 52 31 dig:
570 3883 45 25 het
625 3890 51 18 zou
686 3882 124 25 volstaan
821 3882 48 24 dat
880 3882 45 25 het
935 3889 110 24 gemeen­

502 3918 137 24 tebestuur
656 3917 83 24 onder
756 3916 98 30 impuls
871 3922 53 18 van
941 3915 67 25 door
1025 3915 33 25 de

499 3951 82 31 jeugd
596 3950 153 32 opgerichte
763 3950 76 30 wijk-
854 3949 30 31 of
895 3949 162 25 buurtcomi-

503 3986 38 24 tés
556 3984 131 31 drempels
701 3984 54 24 laat
768 3983 169 30 aanbrengen
950 3990 63 17 over
1025 3983 33 24 de

501 4025 58 24 weg
579 4018 78 24 zodat
677 4018 33 24 de
729 4017 86 24 auto’s
834 4017 57 24 niet
909 4023 73 18 meer
1000 4015 58 25 snel

505 4049 109 25 kunnen
631 4049 92 30 rijden.
740 4049 61 24 Aan
818 4048 44 25 elk
879 4048 170 31 gemeentebe­

505 4087 77 22 stuur
606 4082 42 25 zal
674 4085 134 21 trouwens
833 4081 135 32 gevraagd
992 4087 58 17 wor­

505 4118 51 24 den
579 4124 44 17 om
643 4124 49 23 per
713 4117 196 30 deelgemeente
931 4116 130 24 minstens

505 4152 49 25 één
571 4150 205 31 drempelstraat
793 4152 26 22 te
836 4149 144 25 realiseren
996 4156 66 18 voor

505 4185 45 25 het
562 4185 62 30 jaar
637 4191 44 17 om
696 4185 29 23 is.

505 4220 68 24 Toen
596 4219 44 31 wij
663 4226 37 17 nu
721 4225 66 19 even
809 4225 48 17 ons
880 4217 75 25 brein
977 4217 82 24 lieten

502 4253 107 26 werken
638 4252 93 32 (jawel,
761 4259 34 18 na
823 4252 33 24 de
880 4251 178 31 feestdagen!)

502 4291 109 27 sproten
626 4287 66 24 daar
705 4293 48 18 een
767 4285 92 26 aantal
874 4285 184 31 bedenkingen

503 4322 39 24 uit
564 4324 76 22 voort
662 4320 42 25 die
724 4327 40 17 we
784 4319 58 26 snel
863 4319 39 26 als
923 4326 49 18 een
992 4319 66 24 haas

503 4355 160 31 voorlegden
674 4361 52 18 aan
736 4353 262 32 verkeersspecialist
1008 4354 39 24 Ro­

503 4389 72 25 main
594 4389 72 28 Poté,
686 4391 90 22 tevens
794 4387 145 25 voorzitter
955 4394 53 17 van
1026 4386 33 25 de

503 4422 155 32 werkgroep
672 4422 94 29 „Actie
782 4420 172 31 Schildpad".

503 4467 29 24 In
541 4473 49 17 een
598 4465 150 25 onderzoek
756 4467 53 22 met
818 4464 77 26 zulke
905 4464 133 30 drempels

503 4499 27 25 in
539 4499 125 29 Glasgow
672 4506 33 17 en
714 4498 167 30 Kensington
890 4497 159 31 (Engeland)

503 4533 21 24 is
534 4539 65 24 geen
607 4532 197 29 vermindering
813 4531 95 25 inzake

502 4565 156 30 ongevallen
668 4564 176 31 aangetoond.
853 4564 72 25 Toch
934 4564 22 25 is
966 4573 65 19 „een

502 4602 104 27 grotere
614 4598 143 30 veiligheid
765 4598 192 30 waarborgen”
966 4599 49 23 één

502 4632 48 25 der
557 4632 91 30 pijlers
657 4639 108 22 waarop
774 4631 33 25 de
815 4631 69 25 actie
893 4632 105 24 steunt?

503 4679 28 25 R.
550 4678 72 25 Poté:
643 4677 68 30 „Het
727 4675 152 26 onderzoek
896 4674 164 25 resulteerde

504 4710 147 28 inderdaad
662 4711 28 25 in
699 4709 98 32 weinig
805 4709 29 24 of
843 4714 66 26 geen
918 4708 128 32 opmerke­

505 4746 64 31 lijke
600 4745 93 31 daling
721 4751 53 18 van
804 4743 46 25 het
879 4742 93 25 aantal
1001 4749 47 17 ver­

505 4778 241 31 keersongevallen.
782 4777 40 25 De
855 4776 83 25 reden
971 4775 92 25 echter

505 4815 71 24 moet
589 4812 110 27 worden
712 4811 111 31 gezocht
835 4811 29 24 in
876 4810 34 25 de
922 4809 140 26 technisch

505 4847 188 27 onvolmaakte
716 4845 137 31 aanbreng
872 4851 53 18 van
946 4844 34 24 de
1001 4843 47 25 hin­

505 4882 145 25 dernissen.
677 4879 115 25 Worden
817 4878 134 31 drempels
977 4877 85 24 slecht

506 4914 180 32 aangebracht
699 4913 54 24 dan
765 4912 49 31 ligt
826 4912 34 24 de
871 4912 72 24 baan
955 4918 29 18 er
995 4918 68 17 even

504 4946 147 33 gevaarlijk
663 4946 37 30 bij
715 4946 39 23 als
766 4944 141 29 voorheen;
921 4944 34 24 de
966 4949 94 25 wagen

505 4981 53 24 kan
577 4987 53 17 van
647 4979 34 25 de
698 4985 58 25 weg
773 4978 110 25 worden
901 4977 158 32 geslingerd,

504 5021 145 20 enzomeer.
677 5014 118 25 Daarom
818 5011 73 27 heeft
916 5011 33 25 de
973 5011 74 24 werk­

504 5055 82 26 groep
615 5054 49 20 een
692 5048 121 29 ontwerp
840 5052 53 18 van
921 5044 140 26 hindernis

504 5081 161 33 opgemaakt
687 5080 47 27 dat
757 5086 52 19 aan
831 5079 53 25 alle
906 5078 155 26 technische

504 5116 132 27 vereisten
669 5121 33 19 en
734 5120 111 20 normen
877 5112 116 25 voldoet:
1028 5111 33 25 de

505 5149 119 32 drempel
638 5149 27 24 in
678 5148 151 24 sinusvorm
840 5146 29 25 of
880 5154 49 17 een
942 5145 120 25 daarvan

505 5183 116 32 afgeleid
664 5183 156 30 trapezium,
863 5181 199 31 voorafgegaan

3034 939 24 36 i

2831 1067 6 68 i

2831 1121 51 76 jf

2062 604 24 55 I

2525 1151 234 138 llffl

2429 1315 330 104 gW
